3204 5126
781 328 920 386 -6-

247 530 378 590 frcmden
394 529 479 587 Form
500 527 677 586 versteekter
691 526 759 584 oder
772 527 801 584 in
821 527 886 584 dem
898 526 1174 600 Vorhandenengar
1189 528 1269 584 nicht
1283 547 1317 585 au
1332 529 1453 586 suchen-

248 627 306 698 der,
329 626 451 684 sondcrn
471 623 737 694 hinzuzufttgonder
751 623 862 694 Begn'ff
882 625 936 680 mit
950 624 1077 682 htihnem
1099 621 1453 700 (rhet01·ischenr)Uebe1·-

248 723 315 794 griff
335 721 406 782 tiber
427 722 472 780 die
493 720 688 792 gowohnlichc
709 720 928 790 grammatisehe
950 719 1009 778 und
1029 720 1155 791 logische
1169 720 1453 792 Unvollst'cndigkeit

247 820 329 891 jeder
356 819 463 878 andern
488 817 652 876 Redeweise
678 817 855 888 ausgefallen
882 818 930 874 ist.
973 816 1027 875 Die
1055 816 1208 876 Kuhnheit
1235 817 1285 875 der
1310 817 1453 875 Rhetorik

248 916 327 988 gicht
352 917 402 974 das
428 915 639 978 wesentlichste
660 913 810 984 Merhmal,
837 913 927 972 durch
949 914 1049 972 dessen
1071 913 1235 973 Hinzutritt
1255 914 1300 972 die
1321 913 1453 973 absolute

220 1071 222 1074 .
247 1013 480 1084 Notwendigkcit
501 1012 551 1070 der
571 1011 707 1082 besagtcn
728 1010 900 1081 Ergtnzung
921 1020 980 1068 crst
1000 1011 1203 1068 einleuehtet.»

330 1109 360 1167 Si
382 1118 478 1167 autem
504 1109 673 1166 rhetoricam
700 1108 839 1165 rationem
861 1127 1001 1166 summum
1023 1109 1081 1166 vim
1107 1109 1136 1166 in
1157 1108 1317 1166 definienda
1339 1109 1454 1178 propria

245 1209 274 1266 vi
296 1227 327 1264 ac
349 1214 450 1264 natura
471 1205 602 1276 ellipseos
624 1205 729 1263 habere
751 1203 879 1264 Geistius
900 1204 1020 1275 judicat,
1049 1224 1099 1262 eur
1119 1207 1148 1261 in
1170 1205 1343 1274 definitione,
1366 1225 1453 1275 quam

247 1305 350 1362 statuit
370 1305 441 1374 ipsc,
467 1323 526 1361 rem
548 1303 589 1359 ita
610 1321 640 1360 se
665 1300 771 1360 habere
792 1321 827 1360 ne
849 1321 906 1360 uno
928 1301 1043 1371 quidem
1068 1300 1155 1359 verbo
1182 1300 1345 1373 significat?
1379 1302 1454 1359 Tota

247 1400 323 1460 enim
353 1401 413 1459 eius
441 1399 569 1458 definitio
595 1399 779 1468 grammatica
806 1407 851 1456 est
876 1419 898 1456 s.
920 1418 963 1456 v.:
1010 1397 1086 1456 «Die
1113 1397 1222 1469 Ellipse
1247 1400 1286 1456 ist
1311 1399 1374 1456 eine
1401 1399 1454 1456 der

247 1498 415 1568 lebendigen
437 1496 525 1566 Reda,
553 1494 726 1553 namentlich
753 1494 804 1552 der
825 1493 976 1566 Griechen‚
1003 1494 1142 1565 bequeme
1168 1495 1348 1566 Auslassung
1374 1497 1453 1554 eines

247 1594 426 1665 Ausdruelrs
452 1593 574 1652 welehcr
599 1611 665 1650 vom
691 1600 788 1662 streng
814 1591 959 1663 logischen
981 1592 1040 1649 und
1061 1593 1191 1651 abstrakt
1212 1593 1452 1663 grammatischen

248 1690 477 1762 Gesichtspunkt
491 1710 541 1747 aus
556 1689 606 1746 fitr
619 1688 675 1746 den
689 1688 937 1758 nnvcllstandigen
949 1688 1067 1748 Satateil
1083 1689 1151 1747 oder
1162 1689 1228 1747 Sata
1244 1709 1294 1747 aus
1309 1688 1454 1760 unglcich-

247 1790 356 1860 artigen
377 1786 594 1846 Bestandteilcn
616 1784 764 1843 desselben
786 1785 884 1843 Satzcs
906 1793 1023 1856 erganzt
1043 1786 1156 1843 werden
1177 1805 1288 1843 musa»

329 1885 376 1942 An
398 1884 567 1943 vocabulum
592 1903 604 1934 «
613 1881 735 1953 hequem
745 1903 757 1934 »
787 1902 858 1952 quae
884 1883 913 1939 in
939 1882 993 1940 hac
1014 1883 1178 1940 definitione
1200 1883 1313 1953 legitur,
1340 1883 1395 1941 istc
1417 1883 1454 1941 ad

247 1983 418 2041 rhetoricam
439 1982 578 2038 rationem
600 1980 743 2050 pertinere
764 1977 878 2038 voluit?
912 1979 987 2036 Fieri
1008 1979 1063 2036 hoc
1084 2000 1140 2036 non
1161 1987 1268 2050 potest,
1292 1999 1356 2036 nam
1379 1981 1452 2050 quis,

247 2083 296 2150 qui
317 2078 381 2136 laxe
399 2079 445 2136 vel
467 2077 649 2148 neglegenter
667 2075 802 2146 loquitur,
824 2076 879 2133 nisi
899 2075 976 2134 forte
998 2076 1159 2135 consulto
1180 2076 1235 2134 hoc
1256 2076 1336 2147 facit,
1358 2076 1453 2135 rheto-

247 2175 562 2245 rico'dicendi'genere
583 2170 700 2230 utitur?

308 2272 372 2330 ·Ac
393 2291 450 2330 uon
471 2270 556 2329 modo
577 2289 614 2328 cx
635 2269 799 2326 definitione
815 2267 927 2340 Greistii,
950 2268 999 2345 sed
1019 2289 1055 2327 nc
1070 2290 1105 2327 ex
1121 2269 1321 2329 distributione
1337 2270 1453 2341 quidem

248 2378 329 2440 patet
353 2369 524 2426 rhetoricam
550 2368 689 2424 rationem
716 2367 742 2423 ei
769 2385 909 2423 summam
935 2367 964 2423 in
986 2365 1118 2437 ellipscos
1144 2385 1247 2437 genere
1267 2368 1358 2426 risam
1380 2387 1451 2425 esse.

248 2465 307 2525 (lur
332 2467 417 2536 enim,
447 2466 471 2523 si
497 2465 588 2522 omnis
615 2463 722 2533 ellipsis
750 2462 891 2520 rhetorica
917 2471 970 2533 est,
1000 2464 1142 2534 propriam
1171 2463 1313 2535 ellipsium
1342 2473 1453 2535 partem

248 2563 419 2621 rhetoricam
448 2559 554 2620 vocat?
589 2559 645 2618 Sed
672 2561 821 2616 mittamus
849 2559 927 2616 haec.
971 2558 1155 2630 Quaeramus
1182 2561 1250 2630 quid
1275 2562 1389 2619 omnino
1418 2561 1453 2619 de

247 2650 426 2730 Bernhardyi
446 2666 476 2717 et
498 2656 601 2717 Geistii
622 2657 774 2726 sententia,¹
800 2676 855 2726 qua
877 2657 1037 2715 universam
1059 2656 1172 2727 ellipsin
1192 2657 1363 2715 rhetoricam
1390 2678 1453 2716 esse

249 2755 463 2826 contenderent,
485 2754 637 2812 dicendum
658 2754 704 2810 sit.

328 2852 439 2910 Natura
463 2852 621 2909 rhetoricae
647 2850 716 2907 artis
738 2851 798 2907 sine
820 2849 906 2908 dubio
927 2870 961 2908 ea
982 2859 1035 2920 est,
1061 2859 1095 2907 ut
1115 2851 1241 2908 artificiis
1263 2852 1322 2909 suis
1343 2852 1453 2910 animos

250 2950 399 3008 hominum
421 2947 528 3007 autad
550 2946 730 3006 sentiendum
753 2947 858 3004 autad
880 2947 1020 3017 agendum
1042 2947 1181 3006 adducere
1204 2948 1327 3018 studeat,
1349 2958 1383 3006 ut
1403 2957 1454 3006 aut

248 3047 381 3117 delectet,
403 3059 453 3103 aut
467 3052 582 3114 terreat,
605 3052 655 3100 aut
669 3043 889 3101 misericordiam
905 3053 955 3100 aut
968 3044 1038 3101 iram
1053 3053 1175 3114 moveat,
1198 3044 1297 3101 autad
1312 3045 1453 3116 agendum

247 3142 392 3214 impellast
413 3152 463 3199 aut
483 3141 611 3200 retrahat
625 3140 660 3199 ab
677 3140 795 3212 agendo.
832 3139 948 3198 Talibus
963 3149 1059 3198 autem
1074 3140 1165 3198 modis
1180 3141 1289 3199 animos
1303 3140 1453 3200 hominum

248 3240 358 3298 afficere
379 3247 484 3310 potest,
507 3239 531 3296 si
552 3245 619 3308 apta
639 3238 726 3296 verba
747 3238 829 3308 ponit
850 3245 899 3294 aut
921 3238 1037 3294 omittit.
1081 3237 1249 3296 Omittendo
1275 3246 1371 3296 autem
1393 3239 1453 3296 cffi-

248 3357 312 3395 cere
339 3344 444 3407 potest,
471 3342 504 3392 ut
529 3335 558 3392 id
580 3334 655 3405 quod
677 3334 844 3405 plerumque
866 3333 907 3404 fit,
935 3333 1082 3392 audientes
1103 3334 1148 3392 rel
1170 3335 1297 3406 legentes
1319 3336 1453 3394 omissam

249 3443 360 3504 partem
385 3433 491 3490 fortius
517 3432 643 3502 cogitent
668 3431 713 3489 vel
738 3432 938 3502 imaginentur.
981 3431 1027 3488 Sic
1053 3433 1161 3489 omittit
1186 3432 1219 3502 ia,
1242 3432 1291 3502 qui
1311 3433 1451 3490 minatur:

248 3535 284 3588 ἅν
302 3554 329 3588 σε
349 3533 423 3604 λάβω
442 3561 490 3600 -—,
513 3527 591 3598 Quos
611 3548 662 3599 ego
684 3561 731 3584 -.
767 3527 829 3585 Aut
848 3527 996 3585 consilium
1017 3527 1136 3585 dicentis
1157 3527 1257 3598 idest,
1278 3537 1311 3586 ut
1325 3530 1452 3599 reticeat,

250 3626 326 3697 quod
355 3625 495 3684 foeditate
523 3625 568 3683 rcl
596 3626 712 3684 horrore
741 3625 887 3686 offendere
915 3625 1005 3694 possit
1033 3624 1184 3696 legentem,
1215 3625 1310 3684 velut:
1342 3625 1453 3684 intrari

249 3723 374 3793 domum,
396 3743 460 3780 cum
479 3723 508 3778 in
530 3723 592 3792 ipso
613 3721 710 3780 limine
725 3755 763 3763 —-
778 3755 826 3791 —,
848 3741 947 3780 vercor
967 3722 1084 3792 referre,
1106 3723 1155 3791 qui
1170 3731 1339 3792 conspectus
1353 3723 1451 3780 fuerit.

249 3820 380 3891 Denique
401 3827 481 3877 metu
494 3819 540 3878 vel
555 3818 724 3877 verecundia
742 3803 843 3889 aliquis
859 3818 1029 3876 commoveri
1044 3826 1149 3888 potest,
1172 3838 1207 3876 nc
1223 3819 1305 3889 plene
1320 3819 1453 3890 loquatm·

249 3938 273 3976 e.
295 3937 352 3988 gr:
379 3920 416 3994 μή
436 3941 471 3994 με
492 3949 530 3956 -
555 3919 619 3994 πρὸς
645 3927 674 3974 σι’
694 3921 815 3992 γονάτων
840 3914 901 3974 rel:
921 3918 960 3992 μὰ
979 3919 1056 3974 τ’όν..
1092 3915 1210 3986 Semper
1230 3923 1326 3972 autem
1348 3925 1407 3986 ant,
1429 3917 1453 3974 si

249 4015 313 4084 quis
335 4013 402 4084 quid
431 4021 519 4084 ponat
544 4013 684 4070 rhetorice
710 4013 754 4072 rel
781 4013 805 4069 si
831 4011 899 4082 quid
925 4012 1049 4082 omittat,
1076 4012 1225 4069 consilio
1251 4013 1317 4083 agit.
1361 4012 1453 4082 Atqui

249 4110 461 4168 eoncedendum
483 4110 577 4167 estin
598 4129 701 4180 magno
723 4110 865 4180 ellipsium
887 4128 1005 4166 numero
1027 4108 1245 4166 nullomodo
1267 4108 1452 4166 eonsilium

250 4207 343 4265 corni
364 4207 444 4266 velut
464 4208 494 4264 in
515 4207 564 4277 eie,
587 4226 659 4276 quac
674 4227 690 4264 a
704 4205 888 4276 Bernhardyo
903 4214 933 4263 et
948 4204 1058 4264 Geistic
1076 4207 1276 4276 grammaticae
1291 4207 1452 4263 nominatae

250 4310 326 4373 sunt,
355 4323 388 4361 ea
416 4323 483 4362 sane
511 4303 546 4361 dc
573 4323 665 4374 causa,
695 4304 762 4373 quia
787 4323 887 4374 parum
914 4311 963 4359 aut
989 4302 1059 4359 nihil
1085 4303 1242 4360 rhetoricae
1268 4303 1337 4360 artis
1362 4303 1392 4359 in
1418 4303 1452 4359 iis

250 4401 430 4469 perspicuum
453 4408 514 4457 erat
536 4409 565 4458 ct
585 4401 657 4459 ratio
680 4401 863 4472 grammatica
884 4401 913 4458 in
934 4400 975 4458 cis
997 4408 1140 4471 praestare
1161 4399 1318 4458 ridebatur.
1354 4399 1452 4470 Atque

249 4495 319 4552 adeo
341 4516 424 4554 nemo
445 4498 507 4556 fere
529 4507 582 4569 est,
604 4498 652 4568 qui
673 4497 745 4569 illac,
768 4517 839 4567 quae
861 4517 911 4568 pro
933 4496 1073 4556 adverbiis
1095 4505 1171 4567 sunt,
1192 4497 1307 4556 voculas
1331 4507 1373 4572 πῇ,
1393 4500 1451 4572 ὅπῃ,
