3204 5126
790 353 929 414 -g-

256 557 382 627 positum
403 575 460 613 non
481 555 618 613 omissum
639 561 724 612 asset.
760 551 867 610 Contra
888 573 979 624 nuper
992 551 1143 624 Helbigins
1151 550 1175 629 ¹)
1195 573 1260 612 cum
1274 553 1463 626 Bernhardyo

256 661 287 710 et
307 650 418 711 Geistio
438 652 513 710 hano
534 651 646 722 ellipsin
667 669 718 720 pro
740 649 862 720 genuina
882 649 992 708 habuit.
1021 650 1133 720 Itaque,
1156 651 1324 722 priusquam·
1342 651 1463 710 dissera-

256 756 312 820 tur,
341 769 410 807 num
431 768 464 806 ea
484 768 550 808 vere
571 747 713 832 rhetorica
736 746 910 830 appelletur,
939 747 1132 805 controversia
1153 747 1283 819 obicitur,
1313 769 1382 806 num
1403 768 1463 806 om-

256 846 323 904 nino
349 845 481 917 ellipseos
509 845 624 904 nomine
645 843 730 914 digna
757 843 805 901 sit.
846 842 882 900 ld
911 843 987 914 quod
1015 843 1086 901 mihi
1113 845 1137 901 is
1166 843 1281 914 quidem
1309 865 1366 903 non
1395 848 1462 916 jure

256 962 358 1013 negare
372 941 494 1013 videtur,
517 942 565 1012 qui
580 939 739 998 Hermanni
758 939 952 998 definitionem
967 940 1099 1012 ellipseos
1121 961 1137 998 a
1151 939 1333 1000 Mehlhornio
1355 962 1463 1000 correc-

256 1048 316 1097 tam
336 1059 432 1098 veram
454 1059 516 1097 esse
537 1037 656 1109 judicat.
701 1035 776 1094 Nam
797 1028 878 1094 deest
898 1037 928 1094 in
949 1036 1054 1095 talibus
1076 1037 1223 1109 ellipsibus
1245 1038 1361 1109 aliquid,
1384 1039 1463 1109 quod

172 1201 173 1206 .
256 1157 293 1194 ex
313 1136 477 1207 integritate
498 1134 682 1206 grammatica
702 1133 786 1192 unius
808 1133 991 1204 eiusdemque
1013 1129 1186 1211 enuntiati)
1204 1135 1252 1194 rel
1274 1155 1310 1193 ex
1324 1135 1463 1194 membris

257 1235 318 1291 eius
339 1233 452 1292 vinculo
473 1231 667 1303 grammatico,
689 1238 722 1288 ut
743 1230 828 1288 liceat
846 1231 889 1288 ita
909 1230 1011 1302 dicere,
1041 1251 1105 1289 cum
1127 1233 1232 1290 omisso
1253 1232 1393 1303 copulatis
1415 1251 1463 1290 ne-

257 1331 379 1388 cessario
408 1327 598 1400 supplendum
627 1335 672 1385 ost
699 1323 750 1401 (sc.
772 1347 809 1385 ex
836 1326 990 1398 adjectivo,
1019 1329 1099 1386 cuius
1126 1328 1221 1386 forma
1248 1329 1461 1388 substantivum

257 1426 438 1498 congruentis
459 1425 570 1484 formae
591 1432 621 1481 et
642 1425 765 1482 notionis
787 1432 883 1482 mente
904 1422 1008 1482 addere
1030 1425 1156 1496 cogimur
1177 1434 1207 1483 et
1228 1445 1264 1484 ex
1284 1425 1381 1496 verbo,
1403 1445 1463 1496 quo

257 1523 404 1594 objectum
425 1521 525 1580 similis
546 1519 782 1579 conformationis
803 1528 833 1578 et
853 1521 977 1582 notionis
999 1520 1183 1597 postulatur.)

336 1618 493 1692 Supplendi
513 1619 601 1689 igitur
621 1625 666 1675 ast
686 1618 768 1688 ratio,
790 1637 847 1688 qua
867 1617 1042 1689 adducimur,
1064 1626 1098 1675 ut
1118 1618 1153 1677 ab
1168 1618 1334 1677 Hermanno
1353 1618 1463 1680 dissen-

257 1718 362 1775 tientes
383 1716 466 1786 hanc,
489 1735 574 1786 quam
587 1713 790 1784 Bernhardyus
811 1722 841 1773 et
862 1712 989 1773 Geistius
1008 1715 1180 1773 rhetoricam
1202 1716 1315 1788 ellipsin
1336 1717 1463 1787 appella-

255 1821 367 1884 verunt,
388 1832 484 1871 veram
499 1831 561 1870 esse
583 1811 752 1883 judicemus.
784 1810 885 1881 Neque
906 1830 940 1870 eo
961 1810 996 1869 ab
1015 1811 1069 1870 hac
1083 1813 1226 1870 sententia
1240 1811 1341 1871 deduci
1362 1833 1463 1884 possu-

255 1930 329 1981 mus,
352 1909 428 1980 quod
449 1908 609 1967 membrum
631 1909 767 1966 omissum
789 1927 825 1965 ex
845 1907 932 1966 verbo
947 1908 1047 1966 similis
1069 1908 1305 1967 conformationis
1325 1917 1355 1967 et
1376 1910 1463 1980 signi-

255 2007 395 2066 ficationis
423 2005 614 2077 supplendum
643 2013 695 2062 est.
742 2004 843 2075 Neque
871 2005 947 2062 enim
975 2005 1187 2064 substantivum
1208 2001 1252 2064 'ex
1279 2005 1461 2066 substantivo

255 2113 306 2162 aut
335 2103 453 2162 verbum
486 2123 522 2160 ex
552 2102 639 2161 verbo
670 2101 753 2159 aliter
783 2109 895 2159 tantum
927 2102 1002 2161 flexo
1030 2102 1221 2174 supplendum
1249 2110 1294 2161 est
1325 2103 1399 2160 sicut
1431 2104 1461 2160 in

256 2208 399 2258 structura
426 2203 478 2258 ἀπὸ
497 2209 597 2272 κοινοῦ,
621 2197 671 2256 sed
699 2197 909 2256 substantivum
942 2219 978 2256 ex
1003 2198 1099 2270 verbo,
1131 2198 1275 2258 diversum
1305 2219 1395 2270 genus
1424 2219 1462 2258 ex

256 2297 377 2367 diverso,
403 2295 627 2367 intellegendum
655 2303 708 2353 est.
761 2294 864 2365 Itaque
892 2295 1060 2367 simpliciter
1087 2296 1142 2354 dici
1171 2315 1227 2354 non
1256 2304 1353 2367 potest
1380 2316 1463 2355 voca-

255 2393 355 2452 bulum
377 2392 514 2450 omissum
541 2395 602 2462 J'am
623 2392 749 2462 positum
771 2411 841 2450 esse.
883 2391 939 2450 Est
966 2393 1053 2463 igitur
1080 2392 1135 2450 hoc
1162 2393 1332 2464 ellipseos
1360 2413 1461 2464 genus,

256 2509 429 2560 quamquam
450 2488 601 2560 peculiare.

336 2585 392 2644 scd
413 2595 494 2644 estne
515 2584 710 2644 rhetoricum?
736 2583 854 2656 Causae,
876 2585 911 2644 de
933 2585 1036 2656 quibus
1056 2585 1259 2657 Bernhardyus
1281 2594 1310 2644 et
1332 2584 1461 2646 Geistius

257 2684 284 2742 ei
309 2683 364 2741 hoc
389 2702 493 2741 nomen
513 2681 687 2754 indiderunt,
714 2691 791 2753 sunt,
817 2682 893 2752 quod
914 2683 980 2740 talis
1001 2683 1109 2754 ellipsis
1130 2701 1184 2740 usu
1206 2683 1246 2742 sic
1267 2703 1324 2742 non
1345 2693 1461 2755 recepta

256 2781 294 2839 sit
308 2799 399 2850 neque
414 2780 502 2850 recipi
516 2781 651 2851 potuerit,
667 2787 700 2836 ut
713 2778 790 2837 aliud
804 2778 875 2836 illud
889 2799 987 2850 genus,
1002 2781 1103 2850 quoin
1118 2779 1202 2838 certis
1217 2780 1367 2851 adjectivis
1382 2789 1461 2838 certa

256 2877 435 2936 substantiva
449 2877 543 2934 omitti
559 2873 741 2950 soleant,(sc.
763 2887 791 2954 τῇ
811 2883 885 2952 δεξιᾷ
903 2883 1014 2956 (χειρί),
1035 2877 1085 2935 sed
1103 2877 1169 2947 qnia
1190 2877 1274 2935 modo
1288 2877 1352 2947 hoc,
1374 2877 1460 2935 modo

256 2974 304 3031 illo
318 2973 405 3032 verbo
426 2973 638 3046 substantivum
659 2973 850 3044 supplendum
872 2972 1072 3044 suppeditetur
1092 2981 1243 3044 totumque
1264 2993 1353 3045 genus
1369 2976 1460 3045 magis

255 3072 365 3129 varium
387 3070 564 3140 liberumque
585 3071 631 3128 sit.
668 3068 732 3140 Qua
752 3069 787 3128 de
809 3089 894 3128 causa
914 3069 990 3141 apud
1011 3079 1110 3141 poetas
1131 3071 1265 3129 usitatius
1280 3079 1348 3128 erat.
1386 3070 1460 3129 Sane

255 3167 369 3226 videtur
396 3175 546 3239 propterea
573 3167 663 3237 magis
688 3165 822 3224 idoneum
846 3166 947 3236 fuisse,
978 3185 1034 3236 quo
1062 3166 1125 3236 quis
1152 3167 1293 3226 rhetorice
1321 3175 1460 3238 uteretur,

256 3264 306 3322 scd
331 3272 428 3321 tamen
453 3265 514 3321 sine
540 3263 657 3322 consilio
682 3263 825 3321 rhetorico
850 3263 918 3334 poni
943 3263 1046 3334 potuit.
1095 3263 1131 3320 Id
1157 3263 1233 3334 quod
1258 3284 1292 3322 eo
1313 3264 1459 3336 probatur,

256 3360 332 3430 quod
357 3359 433 3431 apud
463 3361 615 3432 scriptores
645 3359 786 3430 pedestris
816 3379 929 3431 quoque
955 3361 1093 3418 sermonis
1123 3379 1180 3418 non
1206 3357 1376 3419 inusitatum
1405 3369 1458 3419 est.

256 3457 294 3515 Vi
315 3477 372 3514 non
392 3456 572 3515 rhetoricae.
587 3477 628 3528 gr.
645 3457 820 3529 apudverba
835 3457 921 3516 eundi
948 3476 1094 3516 occurrere
1115 3457 1189 3516 solet
1209 3477 1248 3515 sc.
1271 3459 1295 3516 si
1316 3477 1352 3516 ex
1372 3457 1460 3517 verbo

199 3573 200 3578 ¹
256 3554 342 3612 eundi
363 3553 574 3612 substantivum
594 3557 656 3619 ὁδός
677 3553 713 3611 ad
734 3554 909 3625 adjectivum
931 3553 1073 3625 quoddam
1095 3561 1191 3612 mente
1216 3553 1379 3612 addendum
1405 3563 1458 3617 est.

255 3649 356 3720 Neque
383 3651 413 3708 in
439 3670 481 3721 eo,
508 3651 584 3721 quod
605 3651 795 3709 Boettcherus
823 3671 860 3708 ex
880 3650 1075 3723 Xenophonte
1100 3651 1195 3721 affert,
1223 3651 1355 3722 exemplo
1380 3651 1460 3721 quid-

256 3767 341 3817 quam
361 3747 496 3805 rhetorici
515 3748 640 3805 cernitur
660 3745 808 3822 (Xenoph.
823 3747 917 3806 Anab.
933 3747 970 3818 V,
992 3745 1021 3818 8,
1044 3745 1096 3806 12:
1123 3759 1213 3807 τοῦτον
1230 3755 1283 3826 μὲν
1300 3753 1460 3827 ἀνέκραγον,

256 3848 291 3909 ὠς
309 3849 401 3921 ὀλίγας
419 3843 558 3920 παίσειεν).
600 3843 703 3915 Itaque
729 3853 791 3903 tota
816 3845 945 3915 quaestio
971 3843 1005 3902 de
1032 3846 1145 3903 nomine
1169 3845 1255 3904 huius
1276 3845 1409 3916 ellipseos
1429 3846 1459 3904 in

299 4089 326 4164 ¹¹)
341 4111 437 4164 Helblg,
453 4123 476 4166 p.
492 4117 512 4156 6.
528 4113 660 4165 (DIstribut.
672 4114 702 4165 Il)
717 4117 741 4156 et
756 4125 778 4166 p.
794 4115 820 4156 '20
835 4125 884 4166 seq.

308 4192 325 4243 ²)
340 4190 410 4242 Quod
425 4196 506 4235 antem
521 4193 589 4235 nollo
604 4193 739 4235 desiderata
753 4203 785 4234 ex
799 4192 936 4242 integritate
950 4191 1023 4235 nnius
1038 4191 1197 4245 ejusdemquo
1213 4193 1333 4236 enuntiati
1348 4195 1456 4245 repeten-

345 4263 457 4311 domest,
472 4263 596 4314 permagni
607 4263 724 4305 momenti
738 4262 763 4304 in
775 4262 915 4304 deliniendo
925 4262 1004 4315 eliipai
1014 4265 1058 4305 art.
1081 4265 1132 4304 Hoc
1142 4263 1207 4305 enlm
1218 4263 1349 4316 supplendi
1359 4273 1458 4314 genere,

344 4343 398 4374 cum
414 4331 534 4384 universa,
555 4335 606 4375 turn
621 4333 689 4382 haee,
709 4333 740 4374 de
755 4343 803 4384 qua
817 4332 917 4384 agimus,
938 4333 1030 4385 ellipsis
1044 4344 1059 4374 a
1073 4333 1203 4384 schemate,
1224 4333 1290 4385 quod
1305 4333 1393 4375 dieitur
1407 4324 1458 4378 (ind

345 4398 446 4459 κοινοῦ,
461 4402 623 4454 distinguitur,
639 4403 665 4445 in
680 4414 728 4455 quo
743 4403 792 4445 duo
807 4403 934 4446 enuntiato
948 4404 1056 4445 membro
1072 4403 1195 4445 communi
1210 4403 1235 4445 in
1250 4403 1315 4446 idern
1330 4408 1456 4454 eoguntur.

344 4474 397 4522 Quo
416 4472 539 4514 schemate
558 4473 592 4524 nt,
613 4476 639 4515 ut
657 4472 724 4516 notio
746 4473 883 4526 supplenda
904 4484 954 4516 non
969 4484 1000 4515 ex
1015 4473 1101 4515 eodem
1120 4474 1164 4514 aed
1185 4484 1215 4515 ex
1230 4473 1306 4516 altero
1321 4475 1456 4528 enuntiato,

345 4553 492 4594 quamquam
507 4545 558 4584 arto
574 4543 680 4587 vinculo.
697 4554 800 4595 conexo,
816 4543 982 4586 subaudiatur.
