3204 5126
668 349 828 412 „23-

586 548 693 608 Oontra
714 551 840 621 positum
862 557 919 608 est:

144 665 196 724 De
216 686 300 724 merc.
324 665 406 722 cond.
428 663 467 721 42
489 661 529 738 (1,
545 661 629 738 702);
652 671 677 720 εἰ
693 673 843 742 παριτητίος
861 670 924 722 ἐστι’.
965 663 1028 734 Quo
1050 664 1112 722 loco
1133 663 1228 723 forma
1248 683 1356 724 mascu-

143 763 202 820 lini
221 764 332 834 generis
353 761 528 819 attendenda
549 769 601 818 est.

407 909 471 972 ΕΠ.
497 907 638 992 copulae
662 907 734 974 ἐστί
757 906 790 969 in
816 906 1095 972 substantivis.

232 1031 350 1103 Ellipsis
372 1032 489 1102 copulae
511 1038 569 1090 ἐστι’
595 1033 623 1089 in
653 1033 702 1102 eie,
732 1050 804 1102 quae
832 1049 918 1100 supra
945 1029 1104 1102 attulimus,
1133 1032 1295 1092 nominibus
1316 1053 1355 1092 se,

147 1137 223 1202 ἔθος,
241 1133 331 1207 νόμος,
351 1133 407 1208 tipo
429 1137 482 1186 etc.
512 1128 587 1199 apud
608 1127 766 1186 Lucienum
795 1146 908 1196 quoque
936 1133 1073 1184 consueta
1093 1136 1138 1185 est
1163 1137 1193 1185 et
1221 1130 1357 1187 nonnulla

148 1247 249 1284 eorum
270 1245 383 1296 semper
403 1227 464 1284 sine
485 1225 586 1296 copula
607 1225 701 1296 posita
722 1231 797 1281 sunt.
841 1221 920 1292 Quae
947 1223 1036 1282 sicubi
1058 1225 1192 1296 cernitur,
1219 1235 1355 1296 tanquam

147 1323 277 1394 regulam
302 1323 408 1382 laesam
433 1329 573 1380 tenemus
613 1320 909 1379 Animadvertendum
928 1328 1025 1378 autem
1051 1328 1096 1378 est
1121 1341 1163 1392 ea,
1192 1322 1227 1380 de
1253 1323 1356 1392 quibus

149 1421 253 1491 agitur,
282 1420 397 1477 nomina
417 1419 555 1490 generalis
584 1438 646 1476 esse
668 1417 881 1488 significationis
910 1425 940 1475 et
968 1417 1071 1487 quibus
1092 1419 1161 1489 quid
1189 1419 1224 1477 de
1245 1420 1356 1477 actione

149 1517 195 1576 vel
218 1524 296 1574 statu
317 1516 440 1587 quodam
462 1515 641 1587 praedicetur
655 1533 784 1586 quaeque
805 1521 957 1584 propterea
978 1534 1054 1571 cum
1075 1515 1262 1574 infinitivo
1284 1536 1356 1574 com-

150 1621 302 1684 ponantur⁴
345 1612 434 1695 Apud
454 1612 612 1671 Lucianum
634 1612 748 1684 quidem
770 1631 804 1668 ea
824 1617 875 1668 aut
895 1630 960 1668 cum
982 1610 1122 1671 infinitivo
1144 1617 1299 1684 conjuncte
1319 1614 1357 1672 vi-

150 1710 252 1768 demus
273 1708 315 1784 (id
336 1710 413 1780 quod
435 1709 599 1780 saepissime
620 1708 665 1785 fit)
694 1715 744 1765 aut
765 1709 805 1766 sic
826 1708 929 1778 posita,
957 1716 990 1765 ut
1011 1706 1169 1768 infinitivus
1190 1730 1227 1768 ex
1247 1718 1357 1768 antece-

150 1807 285 1866 dentibus
307 1807 352 1866 vel
381 1807 566 1878 sequentibus
588 1805 764 1877 supplendus
785 1805 833 1876 sit,
862 1801 898 1878 (e.
921 1825 961 1875 gr.
990 1806 1020 1862 in
1048 1807 1205 1865 enuntiatis
1230 1807 1357 1866 relativis

150 1912 183 1962 et
205 1904 402 1975 comparativis
430 1904 465 1963 ab
494 1908 529 1969 ὥς
555 1901 769 1978 incipientibus)
798 1910 848 1959 eut
875 1903 1036 1972 pronomini
1063 1914 1145 1976 τοῦτο,
1173 1905 1197 1962 si
1224 1904 1357 1964 infinitivi

151 2001 216 2058 loco
237 2010 289 2072 est,
311 2001 426 2072 adjecta
446 2009 522 2059 sunt.

234 2097 300 2158 Alia
320 2106 417 2156 autem
439 2097 618 2156 substantiva
632 2117 664 2154 ac
679 2095 803 2154 diximus
825 2095 916 2153 multo
931 2097 1021 2154 rarius
1043 2097 1198 2168 praedicati
1219 2098 1281 2156 loeo
1296 2099 1357 2156 sine

153 2195 255 2266 copula
275 2202 335 2254 ἐστι’
353 2202 507 2266 ponuntur.

233 2293 308 2350 Ἐστί
326 2291 463 2350 omissum
485 2298 529 2350 est
550 2292 579 2348 in
600 2289 675 2349 Dial.
698 2290 774 2348 deor.
796 2309 877 2360 mar,
899 2298 994 2362 mort,
1015 2289 1060 2350 De
1080 2291 1149 2350 hist.
1172 2311 1205 2362 e,
1227 2291 1278 2350 Bis
1299 2311 1356 2351 ecc.

153 2389 185 2444 in
206 2387 249 2446 his
270 2389 448 2448 nominibus:
1152 2393 1156 2403 '

197 2495 274 2563 θέμις
295 2483 351 2562 (6);
374 2485 448 2543 Dial.
471 2485 546 2543 deor.
570 2481 773 2558 13,1(1,236).
806 2482 879 2540 Dial.
895 2503 965 2542 mar.
988 2482 1034 2556 9‚1
1052 2482 1143 2562 (311).
1176 2485 1250 2544 Dial.
1272 2494 1357 2545 mort.

276 2581 343 2654 13,3
358 2579 482 2658 (1,392),
504 2580 572 2652 22,2
588 2578 678 2656 (425),
701 2578 770 2650 23,2
785 2577 878 2655 (428),
901 2577 970 2651 29,2
985 2578 1078 2658 (450).

197 2683 251 2758 ὥρα
273 2677 327 2754 (5):
349 2679 423 2737 Dial.
437 2679 512 2737 deor.
529 2676 577 2750 4,5
589 2675 712 2754 (1,212),
728 2675 900 2753 2Ο,1(253),
916 2675 1040 2754 5(257),
1062 2677 1081 2735 9
1096 2676 1188 2754 (260),
1212 2676 1247 2737 11
1265 2677 1357 2756 (202).

196 2780 288 2856 καιρός
308 2774 364 2853 (3):
387 2776 461 2834 Dial.
478 2777 553 2834 deor.
570 2771 658 2846 20,12
671 2772 793 2850 (1263).
815 2773 890 2831 Dial.
906 2794 976 2832 mar.
999 2773 1047 2846 6,2
1059 2773 1151 2852 (303).
1174 2776 1224 2834 Bis
1239 2797 1296 2835 ece.
1319 2774 1358 2834 24

275 2871 397 2949 (2822).

197 2973 303 3046 εἷνάγκη
325 2968 381 3046 (3):
404 2970 478 3028 Dial.
495 2970 571 3028 deor.
594 2965 771 3045 2Ο,1(254).
803 2967 878 3027 Diel.
894 2990 963 3027 mer.
986 2967 1035 3040 6,2
1051 2966 1143 3045 (303).
1176 2969 1250 3028 Diel.
1273 2979 1357 3028 mort.

275 3064 451 3143 28,1(445).

195 3167 278 3240 νόμος
298 3161 356 3239 (2);
379 3163 429 3222 Bis
451 3183 508 3221 acc.
532 3160 569 3220 12
584 3160 708 3238 (2806),
731 3160 769 3221 33
784 3160 877 3239 (831).

197 3267 260 3325 ἔθος
281 3256 337 3335 (2)ῑ
359 3259 434 3318 Dial.
456 3280 525 3318 mar.
549 3258 595 3330 3,]
613 3256 735 3334 (1295).
757 3259 832 3317 Diel.
855 3268 939 3318 mort.
962 3257 1031 3332 28,3
1052 3257 1145 3336 (447).

196 3359 274 3434 σχολή
297 3353 353 3433 (2);
375 3355 449 3414 Dial.
472 3365 548 3414 mort
570 3352 775 3432 18,1(1,4Ο8),
798 3354 924 3432 2(4Ο9).

196 3457 276 3529 λόγος
296 3451 352 3527 (1);
375 3452 449 3511 Diel.
466 3453 541 3511 deor.
565 3450 633 3524 2Ο,5
649 3449 771 3528 (1257).

196 3551 308 3626 αἰσχύνη
330 3547 386 3625 (l):
408 3550 483 3607 Dial.
505 3557 590 3608 mort.
615 3546 819 3627 15,1(1,399).

236 3645 354 3717 Ellipsis
380 3667 441 3718 cop.
471 3653 530 3705 ἐστι’
555 3647 642 3704 etiam
670 3646 746 3717 apud
773 3646 910 3704 nonnulla
935 3647 1115 3706 substantiva
1142 3647 1272 3707 absolute
1292 3648 1311 3704 i.
1334 3668 1358 3706 e.

154 3744 217 3801 sine
244 3743 385 3803 infinitivo
412 3743 457 3802 vel
485 3743 600 3813 adjecto
621 3743 666 3802 vel
688 3743 847 3814 supplendo
867 3744 962 3814 posita
983 3745 1099 3815 occurit,
1126 3744 1176 3802 sed
1196 3745 1246 3815 ite,
1272 3751 1306 3801 ut
1326 3764 1360 3802 ea

153 3859 208 3912 per
229 3859 259 3896 se
280 3839 340 3898 sole
368 3839 499 3910 legantur
519 3848 570 3896 aut
590 3839 723 3898 infinitivi
751 3840 813 3900 loeo
834 3841 1016 3898 enuntiatum
1037 3840 1229 3898 condicionale
1250 3848 1361 3898 antece-

154 3937 208 3994 dat
227 3936 272 3994 vel
294 3943 438 4006 sequetur.
480 3957 507 3995 v.
530 3935 674 4006 exempla:

196 4037 302 4112 εἰρήνης
323 4033 389 4090 Dia]
410 4041 494 4092 mort.
517 4032 565 4104 4,2
581 4030 704 4109 (1·,342),
729 4029 795 4105 10,7
811 4031 903 4111 (367).

197 4135 332 4195 κίνδυνοςε
352 4129 426 4188 Dial.
449 4129 518 4188 deol·
538 4128 607 4201 25,2
622 4126 745 4206 (1279),
768 4131 803 4189 do
824 4131 892 4189 hist.
915 4151 938 4188 c.
961 4127 1078 4205 4(2,5).

197 4231 303 4302 ipsios:
323 4226 389 4284 Diu]
403 4235 487 4285 mort.
511 4215 720 4303 17,1(1,406);
743 4231 823 4286 οῦδὲν
841 4232 944 4304 ὄφελος,
963 4235 1003 4285 εἴη

197 4327 357 4401 συγγνώμης
377 4322 451 4380 Dial.
474 4331 557 4382 mort.
581 4321 649 4394 29,2
664 4321 791 4400 (],449);
814 4348 908 4400 συγγν.
928 4333 968 4382 εἴη

197 4422 314 4496 φθόνος
334 4420 409 4478 Dial.
432 4419 508 4478 deor.
532 4417 696 4494 18,1(248)
719 4424 806 4485 οὐδεὶς
825 4424 937 4496 φθόνος,
956 4419 988 4478 ε]-

299 4518 333 4575 de
354 4517 422 4574 hist.
445 4537 468 4576 e.
491 4513 618 4592 8(2,10)
640 4520 807 4594 κᾶἰν-φθόιωςΙ
825 4520 919 4582 οὐδείς.
