3204 5126
756 383 915 443 ,46-

313 580 408 653 „Num
430 582 506 639 cuim
527 581 701 640 Adimantus
727 582 807 653 vefit,
836 583 884 653 qui
911 583 1033 640 alterum
1060 586 1120 654 jam
1149 583 1250 654 pedem
1270 584 1300 640 in
1321 584 1436 654 navigio

232 679 336 750 posuit,
359 699 394 736 nc
415 679 592 750 interrogare
614 679 729 749 quidem
751 677 905 754 (necesse
926 679 1014 756 csse)
1036 687 1116 752 puto,
1138 699 1279 738 neccsse
1300 700 1367 739 vcro
1389 688 1437 738 est

231 775 307 833 idem
328 774 436 846 Lycino
457 775 576 855 videriss‘

312 870 512 942 Enuutiatum,
542 872 618 943 quod
646 881 691 932 est
718 873 753 932 dc
781 873 948 944 Adimanto
980 875 1163 934 continuatur
1191 875 1348 944 enuntiata,
1377 894 1436 944 quo

232 969 326 1040 agitur
350 969 385 1027 de
406 968 522 1039 Lyciae.
565 969 668 1040 ltaque
694 971 760 1040 quia
785 971 943 1028 sentcntiae
969 978 1046 1028 arcte
1072 970 1234 1041 cohaerent,
1262 991 1298 1027 ne
1319 970 1437 1028 distinc-

232 1066 319 1124 tionis
340 1065 455 1136 quidem
477 1067 556 1136 signo
578 1065 683 1124 fortius
705 1066 893 1125 secernendae
915 1076 983 1125 sunt
1004 1087 1095 1137 neque
1117 1075 1233 1138 puncto,
1261 1066 1337 1138 quod
1357 1067 1436 1138 apud

233 1161 425 1221 Jacobitrium
446 1163 585 1234 videmus,
608 1163 658 1222 scd
679 1172 819 1222 commate
841 1183 912 1234 opus
933 1171 986 1222 est.

614 1327 727 1392 Verba
749 1326 898 1392 faciendi
922 1326 1053 1391 omissa.

313 1455 409 1515 Verba
436 1457 570 1528 faciendi,
603 1459 669 1527 quia
699 1477 736 1516 ex
764 1459 864 1528 quovis
888 1458 950 1532 alio
981 1458 1068 1517 verbo
1100 1459 1184 1516 facile
1217 1458 1436 1530 subaudiuntur,

234 1554 338 1611 omissa
368 1554 520 1625 genuinam
552 1555 664 1626 ellipsin
696 1575 752 1613 non
784 1553 918 1612 efficiunt.
966 1554 1045 1612 Haec
1076 1556 1163 1626 igitur
1194 1575 1211 1612 a
1242 1555 1436 1626 superioribus

233 1650 410 1720 sejungenda
438 1671 499 1709 esse
526 1660 556 1709 et
583 1651 624 1708 illi
652 1652 812 1712 omissionis
838 1652 942 1723 generi,
972 1651 1047 1722 quod
1076 1653 1179 1710 statuit
1206 1651 1399 1710 Willmannus
1414 1649 1436 1727 ¹)

234 1746 321 1804 tribui
343 1767 425 1818 posse
447 1748 643 1806 concedamus
977 1761 979 1766 '

655 1885 792 1970 Ellipsis
814 1886 1016 1970 imperativi.

314 2016 426 2088 Scripta
446 2017 589 2076 Lucianea
610 2038 666 2076 non
688 2025 785 2075 carent
806 2017 898 2087 ellipsi
919 2018 1080 2088 imperativi
1101 2023 1161 2097 ὅρα,
1190 2037 1262 2088 quac
1284 2018 1437 2076 statuenda

234 2121 279 2171 est
306 2114 335 2170 in
364 2115 519 2172 enuntiatis
547 2115 698 2172 hortativis
726 2114 761 2172 ab
789 2118 859 2179 ὅπως
887 2135 910 2172 c.
932 2114 990 2172 ind.
1013 2114 1068 2172 fut.
1098 2113 1308 2186 incipientibus.
1361 2113 1437 2172 Nam

234 2211 346 2268 etiamsi
368 2211 435 2268 talia
456 2213 604 2268 enuntiata
632 2212 796 2282 saepissime
818 2212 877 2268 sine
898 2212 1067 2281 imperativo
1093 2212 1224 2282 legantur
1252 2220 1282 2269 et
1302 2231 1356 2269 usu
1378 2213 1438 2282 qui-

235 2307 300 2364 dem
320 2327 372 2377 pro
394 2307 532 2366 absolutis
554 2308 621 2378 sint,
643 2317 748 2379 tamen,
775 2309 799 2366 si
820 2316 921 2366 natura
942 2327 1039 2366 eorum
1061 2307 1229 2379 explicanda
1250 2315 1303 2378 cst,
1330 2307 1366 2365 ad
1386 2309 1438 2366 im·

235 2405 403 2476 peraticum,
437 2425 493 2475 quo
524 2416 666 2476 regantur,
699 2405 850 2462 referenda
877 2399 953 2462 sunt.
983 2469 986 2480 ,
1010 2403 1093 2474 Quod
1125 2405 1327 2474 conjunctione
1358 2407 1437 2478 ὅπως,

235 2500 368 2560 adverbio
389 2501 517 2573 relativo,
539 2503 639 2572 utique
660 2501 809 2560 indicatur.
845 2501 908 2560 Tali
929 2510 1024 2559 autern
1047 2521 1111 2559 cum
1133 2500 1275 2572 adverbio,
1306 2503 1329 2559 si
1351 2521 1438 2559 enun-

235 2598 338 2655 tiatum
370 2600 563 2670 conjungitur,
595 2598 778 2656 referendum
809 2610 854 2657 est
884 2597 920 2656 ad
951 2598 1028 2656 aliud
1059 2599 1248 2669 enuntiatum,
1281 2597 1357 2668 quod
1387 2597 1437 2656 illo

236 2695 342 2753 certius
363 2694 506 2753 definitur.
538 2696 583 2753 Ac
604 2697 706 2766 siquis
721 2703 847 2767 quaerat,
870 2715 926 2765 quo
947 2698 1011 2766 jure
1027 2695 1080 2753 hoc
1094 2713 1183 2766 genus
1205 2694 1330 2766 adeam,
1352 2713 1438 2765 quam

236 2791 369 2861 ellipscos
396 2793 595 2863 proposuimus
621 2791 824 2862 definitionem,
854 2791 982 2862 quadret,
1011 2791 1240 2862 respondendum
1268 2800 1321 2861 est,
1350 2792 1438 2848 etiam

235 2888 283 2945 hic
311 2909 347 2946 ex
375 2888 451 2946 laesa
479 2891 643 2960 integritate
671 2890 854 2960 grammatica
886 2888 992 2958 aliquid
1020 2888 1210 2960 supplendum
1239 2907 1309 2946 esse.
1362 2886 1437 2945 Nam

235 2986 404 3055 imperativo
426 2990 475 3065 ὅρα
497 2995 527 3044 ct
548 2987 696 3044 enuntiato
717 3004 855 3056 suspenso
877 3005 965 3043 unum
987 2985 1107 3042 efficitur
1120 2985 1310 3054 enuntiatum,
1332 2984 1439 3055 simpli-

237 3083 349 3140 cissima
370 3083 513 3155 cogitandi
527 3083 661 3153 formula,
683 3083 822 3153 siquidem
845 3102 909 3140 eum
929 3083 1052 3152 cogitare
1073 3091 1150 3140 recte
1171 3081 1365 3152 intelligimus
1389 3081 1438 3152 qui

237 3178 307 3236 duas
329 3180 459 3238 notiones
480 3181 521 3237 ita
542 3183 707 3251 conjungat,
736 3187 769 3237 ut
790 3199 846 3237 uua
867 3187 897 3236 et
925 3198 957 3236 ea
978 3199 1051 3238 nova
1072 3199 1107 3236 ex
1129 3180 1169 3236 cis
1191 3179 1306 3236 oriatur.
1349 3175 1439 3236 (iuius

237 3277 405 3347 sententiae,
431 3278 505 3336 sicut
531 3276 654 3334 diximus
680 3284 768 3346 ortae,
797 3277 820 3334 si
848 3276 1005 3334 necessaria
1033 3295 1098 3346 pars
1126 3275 1269 3334 omittitm·
1296 3275 1373 3332 acsi
1395 3293 1438 3344 cu,

238 3393 310 3442 quae
331 3372 509 3445 relinquitur,
532 3375 621 3446 partis
642 3373 686 3432 vel
708 3374 804 3444 potius
825 3372 945 3431 membri
966 3371 1200 3442 significationem
1229 3391 1295 3443 prae
1317 3391 1347 3429 se
1368 3371 1439 3442 fert,

237 3490 304 3528 vera
332 3470 440 3540 ellipsis
468 3480 591 3528 tenetur.
635 3469 728 3540 Quam
756 3469 985 3540 explicationem,
1014 3469 1038 3526 si
1059 3469 1095 3525 ad
1123 3469 1277 3527 formulam
1299 3472 1349 3548 ὅρα
1368 3471 1440 3532 ὅπως

237 3567 400 3638 referimus,
422 3568 602 3625 enuntiatum
624 3588 640 3624 a
655 3567 793 3638 particula
815 3570 884 3631 ὅπως
904 3566 1043 3636 incipiens
1060 3565 1167 3636 objecti
1182 3585 1299 3623 munere
1313 3565 1439 3636 fungens

237 3663 305 3734 fingi
326 3673 431 3734 potest,
454 3665 534 3722 cuius
556 3664 719 3734 subjeetum
746 3671 775 3722 et
796 3662 914 3720 verbum
935 3664 1104 3733 imperativo
1123 3666 1173 3741 ὅρα
1195 3663 1364 3720 continetur.
1408 3658 1440 3718 Si

214 3760 324 3830 igitur
344 3764 394 3840 ὅρα
418 3762 570 3831 omittitur,
597 3760 760 3832 subjeetum
786 3768 816 3818 et
836 3759 954 3818 verbum
980 3780 1016 3816 ex
1042 3759 1157 3830 objecto
1183 3758 1360 3817 subauditur.
1403 3756 1441 3816 Id

238 3857 314 3926 quod
335 3857 389 3915 hac
410 3859 440 3916 in
461 3867 604 3916 structura
625 3857 710 3915 facile
731 3856 792 3916 fieri
813 3865 918 3927 potest,
940 3876 1005 3914 cum
1026 3855 1190 3928 subjectum
1211 3875 1332 3926 persona
1353 3873 1441 3912 enun-

239 3954 303 4010 tiati
323 3954 358 4013 ab
379 3959 450 4020 ὅπως
469 3955 631 4026 incipientis
652 3958 711 4025 jam
733 3954 882 4012 indicatur.

320 4049 399 4120 Quae
421 4060 482 4111 tota
503 4053 681 4110 ratiocinatio
703 4071 759 4109 nou
781 4052 875 4108 minus
897 4051 925 4108 in
947 4049 1101 4108 formulam
1122 4053 1193 4128 (ὅρα)
1212 4053 1282 4114 ὅπως
1303 4067 1388 4118 quam
1410 4048 1442 4106 in

239 4151 288 4225 οὔχ
307 4151 354 4224 ὅτι,
373 4153 423 4226 οὐχ
441 4153 519 4225 ὅπως,
537 4154 574 4227 μὴ
594 4153 633 4208 ὅτι
654 4148 737 4206 cadit.
780 4147 876 4204 Aliter
896 4167 940 4205 res
962 4166 992 4204 se
1014 4146 1101 4204 habet
1121 4147 1150 4202 in
1171 4150 1209 4223 μή
1231 4167 1255 4203 c.
1275 4147 1350 4214 conj.
1373 4145 1442 4214 quia

238 4251 276 4323 μή
304 4246 441 4316 principio
468 4247 625 4318 negationis
655 4245 793 4316 particula
814 4252 867 4314 est,
894 4264 950 4301 non
977 4244 1151 4314 conjunctio
1178 4262 1234 4314 qua
1259 4241 1440 4301 enuntiatum

240 4342 275 4400 ab
297 4342 386 4399 altero
408 4343 533 4414 pendens
555 4343 699 4401 inducitur
719 4349 749 4400 et
770 4341 951 4412 significatur.

290 4580 306 4630 ¹)
321 4579 350 4620 ef.
365 4579 440 4630 praef.
455 4589 478 4630 p.
495 4581 513 4620 3,
