3204 5126
693 337 833 398 „3-

161 535 273 593 Premit
294 537 381 606 igitur
403 534 486 594 usum
507 544 537 594 et
558 537 803 608 consuetudinem,
830 535 933 606 quibus
959 533 1086 593 membra
1107 533 1212 591 omissa
1233 552 1297 590 cum
1318 551 1366 602 po·

162 633 225 690 sitis
254 653 362 691 conexa
390 635 456 704 sint,
486 654 541 692 non
570 635 711 692 rationem
738 633 960 705 grammaticam.
1003 630 1114 689 Deinde
1141 630 1188 686 hic
1216 628 1366 699 distinguit

161 730 375 800 grammaticam
390 730 503 801 ellipsin
514 730 549 800 ab
564 751 606 802 ea,
621 751 705 801 quam
721 724 992 802 phraseologicam1)
1006 735 1098 798 vocat,
1113 735 1143 785 et
1156 726 1192 786 ab
1203 725 1364 796 omissione,

161 827 253 896 primo
284 828 380 898 generi
408 827 520 898 ellipsin
548 829 608 886 veri
635 827 760 898 subjecti
785 835 815 886 et
839 825 1004 897 praedicati,
1035 824 1118 882 alteri
1144 842 1238 894 voces,
1267 821 1365 892 quales

161 932 230 981 sunt
258 927 273 994 ἡ
294 927 366 991 δεξιά
385 931 478 1004 (χείρ),
504 931 590 1003 ῥέζειν
608 928 695 1004 (ἱερά),
720 927 922 1003 Ἀλέξανδροςό
945 933 990 981 rori
1012 928 1145 980 Φιλίππου
1168 923 1254 995 (υἱός),
1279 919 1365 977 tertio

161 1027 266 1096 λέγουσι
285 1027 322 1095 (ot
339 1025 497 1100 ἅνθρωποι),
522 1023 687 1079 «cunita-r»
711 1029 797 1092 atque
816 1021 929 1092 ellipsin
943 1019 1093 1079 verborum
1108 1017 1203 1088 eundi,
1222 1014 1363 1086 veniendi,

161 1117 295 1188 faciendi,
317 1117 429 1176 dicendi
450 1118 647 1177 adnumerans.

241 1213 289 1272 llx
309 1215 359 1286 eis,
382 1235 454 1285 quae
476 1215 511 1273 de
532 1217 656 1274 virorum
678 1215 826 1274 doctorum
848 1214 997 1274 sententiis
1019 1212 1225 1294 praemisimus,
1247 1217 1366 1282 apparet

161 1312 191 1368 in
205 1313 407 1383 controversia,
429 1332 501 1382 quae
523 1320 568 1370 est
588 1313 623 1370 de
637 1313 665 1371 vi
687 1332 719 1370 ac
734 1323 835 1370 natura
849 1311 990 1382 ellipseos,
1010 1310 1044 1368 de
1060 1308 1169 1368 duabus
1184 1307 1364 1379 potissimum

162 1408 340 1479 disputatum
354 1429 424 1468 esse
446 1429 484 1467 sc.
507 1417 604 1470 utrum
631 1410 702 1468 haec
726 1410 816 1480 magis
844 1408 1028 1479 grammatica
1053 1425 1089 1464 an
1116 1405 1258 1464 rhetorica
1278 1410 1362 1462 esset.

161 1505 337 1578 Hermanno,
359 1507 439 1564 cuius
453 1506 482 1563 id
497 1507 620 1565 maxime
641 1507 770 1576 interest,
792 1513 826 1563 ut
840 1505 1016 1564 demonstret
1037 1503 1149 1574 ellipsin
1164 1501 1271 1560 nullam
1292 1519 1363 1571 esse,

162 1603 215 1659 nisi
243 1603 408 1674 integritate
436 1605 620 1674 grammatica
641 1623 703 1662 cam
725 1611 850 1662 statuere
872 1621 1014 1672 cogamur,
1042 1600 1182 1671 imprimis
1204 1593 1363 1674 Geistius²)

159 1698 376 1770 Bernhardyum
399 1709 513 1758 secutus
528 1696 702 1771 adversatur,
725 1699 899 1759 contendens
920 1698 1078 1756 rhetoricae
1098 1695 1202 1754 rationi
1223 1714 1363 1754 summam

162 1797 220 1854 vim
240 1797 270 1853 in
290 1796 458 1867 explicanda
479 1796 572 1868 ellipsi
592 1795 773 1856 tribuendam
794 1816 865 1866 esse,
887 1796 1110 1866 grammaticam,
1131 1793 1269 1852 secundas
1284 1791 1365 1863 quasi

161 1903 255 1964 partes
284 1913 374 1964 agero.
418 1893 540 1954 Addidit
565 1894 632 1954 alibi
654 1911 706 1952 nec
734 1914 791 1965 eos,
820 1893 868 1964 qui
896 1900 963 1950 ante
983 1892 1181 1950 Hermannum
1210 1889 1245 1948 de
1269 1889 1364 1959 ellipsi

162 1991 351 2061 scripsissent,
381 2010 434 2048 nec
454 1990 652 2051 Hermannum
673 1992 768 2062 ipsum
796 1990 979 2062 grammatica
1004 1989 1113 2046 ratione
1141 1996 1175 2045 ut
1202 1987 1271 2046 satis
1299 1994 1363 2044 tuto

161 2086 286 2145 subsidio
308 2107 376 2145 usos
398 2107 469 2146 esse.
511 2088 555 2150 At
576 2089 639 2158 quis
667 2096 733 2145 ante
754 2087 953 2145 Hermannum
981 2086 1035 2143 hae
1062 2086 1172 2142 ratione
1200 2103 1268 2142 usus
1296 2081 1364 2141 est?

160 2183 262 2242 Nonne
283 2183 467 2242 Hermannus
489 2186 597 2256 primus
625 2184 692 2256 fuit,
722 2185 770 2256 qui
798 2203 831 2242 ea
858 2183 986 2242 adhibita
1007 2183 1130 2253 doceret,
1160 2180 1228 2252 quid
1256 2180 1363 2251 ellipsis

160 2288 245 2351 esset,
268 2280 336 2350 quid
358 2279 438 2338 non‘l
469 2281 517 2338 llli
532 2281 646 2352 quidem
666 2302 707 2352 ea,
730 2301 816 2352 quam
830 2300 916 2351 supra
936 2280 1131 2349 indicavimus,
1153 2297 1240 2349 prava
1253 2277 1363 2335 ratione

160 2377 252 2435 ducti·
267 2397 368 2449 parum
390 2386 472 2435 cauto
500 2379 608 2449 judicio
634 2378 725 2436 multa
746 2378 929 2449 collegerunt,
957 2377 1005 2435 hic
1030 2383 1107 2434 certa
1128 2376 1174 2434 via
1194 2394 1226 2432 ac
1252 2375 1363 2432 ratione

160 2495 227 2532 vera
255 2495 271 2532 a
298 2474 381 2532 falsis
410 2475 546 2546 sejunxit.
596 2475 695 2546 Atque
723 2475 799 2545 quod
827 2473 954 2534 Geistius
982 2473 1141 2531 Hermanni
1168 2471 1363 2530 definitionem

160 2579 313 2642 suppetere
334 2577 428 2642 negat,
458 2591 513 2641 qua
541 2580 642 2629 natura
670 2572 801 2644 ellipseos
823 2571 892 2630 satis
916 2570 1107 2642 intellegatur,
1136 2568 1292 2627 cavendum
1318 2575 1364 2626 est

160 2669 292 2738 primum,
315 2688 351 2726 ne
372 2676 489 2738 propter
503 2668 697 2728 definitionem
711 2670 766 2727 toti
780 2668 939 2727 Hermanni
952 2667 1056 2724 rationi
1070 2666 1238 2736 diffidamus,
1260 2664 1368 2723 deinde.

160 2783 196 2822 ne
224 2764 430 2834 definitionem,
462 2784 518 2835 qua
546 2774 714 2837 exponatur,
746 2765 815 2836 quid
846 2766 884 2823 sit
912 2764 1027 2835 ellipsis,
1060 2763 1269 2822 confundamus
1297 2782 1362 2821 cum

159 2862 335 2932 quaestione,
358 2881 414 2932 qua
434 2869 543 2933 agatur,
572 2862 647 2920 unde
675 2871 769 2920 ortum
791 2862 829 2920 sit
850 2862 981 2932 ellipseos
1002 2880 1100 2932 genus,
1129 2868 1179 2918 aut
1200 2879 1256 2930 quc
1277 2859 1362 2918 modo

160 2959 281 3028 scriptor
302 2957 418 3028 quidam
440 2979 473 3018 ec
494 2960 537 3021 uti
565 2959 664 3030 possit.
707 2958 751 3017 De
772 2958 937 3017 definitione
957 2953 1181 3034 Boettcherusss)
1206 2968 1283 3015 recte
1304 2977 1362 3015 mo-

159 3056 223 3112 nuit
249 3055 376 3114 fortasse
404 3055 616 3116 concedendurn
645 3076 706 3114 esse
735 3076 768 3114 ea
795 3055 855 3114 sola
883 3055 1015 3126 ellipseos
1042 3056 1185 3126 regionem
1214 3054 1362 3112 nonsatis

160 3150 296 3222 distingui
323 3173 356 3210 ac
384 3152 583 3223 ci1·cnmsc1ibi,
616 3152 666 3211 sed
693 3152 891 3210 Hermannum
922 3153 1017 3223 ipsum
1045 3152 1138 3212 verbis
1166 3151 1361 3210 definitionem

161 3248 345 3318 sequentibus
368 3249 491 3307 indicare
506 3270 569 3308 eam
584 3249 673 3308 solam
694 3270 751 3307 non
769 3249 892 3307 multum
905 3249 1000 3307 valere
1021 3250 1076 3307 nisi
1096 3250 1254 3307 accuratius
1269 3256 1362 3306 osten·

161 3343 283 3416 deretur,
306 3345 389 3416 quale
409 3345 480 3403 illud
501 3355 586 3418 essct,
609 3346 685 3417 quod
706 3367 763 3404 non
785 3346 891 3404 dictum
913 3353 1010 3404 tamen
1025 3347 1142 3418 cogitari
1163 3353 1268 3417 posset.
1297 3344 1361 3404 Hoc

161 3443 235 3498 enim
255 3443 350 3512 ipsum
365 3442 548 3501 Hermannus
570 3443 689 3514 duobus,
712 3464 784 3514 quac
805 3451 964 3512 sequuntur
982 3442 1122 3514 capitibus
1144 3443 1235 3514 docet,
1258 3442 1361 3514 quibus

160 3539 328 3609 inscriptum
357 3541 416 3596 est:
450 3538 547 3609 «Quid
575 3559 631 3597 non
660 3541 698 3598 sit
719 3539 826 3611 ellipsis
835 3560 847 3591 »
879 3547 908 3597 et
938 3538 1035 3609 «Quid
1061 3560 1112 3611 per
1133 3540 1245 3611 ellipsin
1267 3540 1361 3598 omitti

160 3635 283 3706 possit»,
310 3635 360 3694 illo
385 3636 605 3712 brachylogiam,
634 3657 706 3708 quae
734 3637 845 3706 dicitur,
875 3644 905 3694 et
932 3637 1111 3707 aposiopesin
1139 3657 1243 3695 avora
1268 3636 1361 3708 ellipsi

161 3750 318 3803 secernens
346 3733 401 3791 hoc
423 3753 568 3804 exponens
590 3735 707 3805 cogitari
728 3753 811 3805 posse
832 3733 861 3790 id
887 3741 1009 3803 tanturn,
1038 3732 1114 3804 quod
1135 3753 1171 3790 ex
1194 3734 1360 3804 integritate

161 3829 299 3886 enuntiati
321 3831 479 3888 necessario
495 3830 686 3902 supplendum
701 3839 777 3910 esset
791 3850 829 3888 sc.
845 3829 972 3890 membra
990 3829 1131 3888 enuntiati
1152 3831 1274 3901 propria,
1296 3830 1360 3889 sub·

160 3927 277 3996 jectum,
300 3927 439 3998 copulam,
462 3928 655 3999 praedicatum
677 3926 734 4003 (vel
755 3927 860 3986 rectius
882 3935 978 3999 partes
999 3935 1112 3985 tantum
1133 3927 1296 3998 praedicati.
1330 3927 1359 3986 Si

160 4022 234 4079 enim
256 4041 279 4080 e.
295 4043 335 4094 gr.
358 4023 490 4094 subjecto
512 4025 616 4082 omisso
637 4026 831 4096 integritatem
846 4025 986 4082 enuntiati
1007 4025 1112 4082 laesam
1127 4043 1188 4082 esse
1202 4024 1358 4096 videamus,

160 4125 221 4175 tum
249 4129 361 4178 exstare
389 4122 587 4179 necessitatem
619 4121 771 4193 supplendi
802 4143 834 4180 ac
866 4121 1056 4192 supplendum
1084 4121 1198 4193 quidem
1230 4142 1291 4180 esse
1323 4143 1359 4182 ex

213 4372 229 4421 ι)
244 4371 379 4424 Willmann,
395 4385 418 4426 p.
433 4377 467 4416 23.

211 4449 228 4499 ²)
243 4451 315 4502 Geist,
330 4463 353 4503 p.
369 4454 402 4494 14.

211 4527 229 4578 t)
242 4530 376 4580 Boettcher,
391 4543 414 4582 p.
430 4533 450 4572 4.
