3204 5126
333 709 461 768 Verbum
484 717 609 786 ἐγκαλεῖν
630 710 773 767 omittitur
792 711 822 766 in
844 709 976 768 formulis
997 710 1192 782 judicialibus:

243 805 294 863 Bis
315 826 372 863 acc.
396 803 433 864 13
447 805 573 882 (2,808):
596 811 818 886 Ἀργυραμοιβική
839 814 960 887 δρασμοῦ
978 819 1098 884 Διογένει
1117 814 1260 884 (ἐγκαλεῖ).

244 902 294 960 Bis
319 923 376 960 aaa.
405 899 443 960 14
459 898 746 982 (2,808);“Ῥητορικὴ
767 907 906 969 κακώσεως
924 915 961 982 τῷ
979 908 1057 984 Σῦρῳ
1077 910 1218 980 (ἐγκαλεῖ),
1237 907 1366 980 Διάλογος

161 1011 198 1076 τῷ
216 1002 286 1077 αὐτῷ
305 1003 411 1080 ὕβρεως.

620 1112 710 1197 ἔχειν
733 1112 907 1176 omissum:

244 1236 348 1293 Forma
361 1235 440 1295 verbi
461 1245 534 1314 ἔχειν
554 1235 732 1294 desideratur
744 1235 787 1292 in:
813 1234 887 1293 Dial.
910 1244 1024 1294 meretr.
1047 1235 1096 1307 32
1109 1234 1235 1313 (3,285):
1257 1245 1368 1314 Δίφιλος

163 1339 194 1390 δὲ
215 1336 367 1411 ὑπερεπῄνει
384 1336 411 1390 ad
430 1337 570 1412 εὔρυθμον
587 1339 632 1390 καὶ
651 1335 678 1390 τὸ
698 1342 914 1411 κεχορηγημένον
933 1339 977 1390 καὶ
995 1336 1034 1391 ὅτι
1052 1333 1081 1391 εὖ
1099 1336 1164 1412 πρὸς
1182 1337 1229 1404 τὴν
1247 1337 1368 1413 κιθάραν

162 1433 178 1487 ὅ
197 1431 262 1493 node
281 1436 366 1506 (ἔχοι).

622 1518 712 1611 δροῖν
735 1526 908 1589 omissum:

245 1648 282 1705 In
309 1649 403 1719 Fugit.
432 1644 470 1706 27
491 1645 617 1723 (3‚379):
651 1655 734 1718 putet
762 1647 903 1718 quispiam
930 1654 984 1707 εἶδε
1012 1669 1063 1720 per
1090 1649 1203 1719 ellipsin
1231 1650 1368 1707 omissum

164 1763 243 1803 esse:
266 1749 292 1803 τὸ
312 1751 342 1803 δὲ
355 1755 405 1804 νῦν
417 1748 599 1824 κηρύττωμεν·
619 1755 692 1809 εἴτις
710 1751 802 1818 (ε’δεν)
821 1748 993 1823 ἀνδράποδον
1005 1748 1227 1822 Πορλτιγονικόν,
1245 1755 1298 1805 τῶν
1316 1749 1367 1803 ἀπὸ

165 1845 290 1911 Σινώπης
306 1844 452 1921 βαρβάρων
463 1879 495 1886 -
505 1844 619 1918 μηνύειν
637 1847 678 1899 ε’τιὶ
698 1847 766 1920 ῥητῷ
785 1845 932 1919 αὐτονόμῳ.

247 1945 352 2004 Durior
372 1947 442 2005 hacc
464 1947 571 2016 ellipsis
592 1945 676 2002 alicui
697 1946 786 2004 videri
808 1955 913 2018 potest,
942 1967 1028 2016 quam
1049 1966 1121 2016 quae
1143 1946 1298 2018 probabilis
1321 1948 1367 2005 sit.

165 2042 211 2100 Ac
231 2063 289 2100 non
310 2042 464 2113 probabilis
485 2043 636 2102 videbatur
656 2042 789 2101 Bekkero
810 2051 840 2101 ct
861 2043 1028 2113 Fritzsohio,
1054 2045 1103 2113 qui
1124 2049 1195 2103 εἶδεν
1215 2044 1309 2101 textui
1329 2044 1370 2101 in·

165 2147 316 2197 scrucrunt
337 2137 388 2214 (cf.
410 2139 481 2198 Frit.
504 2140 548 2198 ed.
570 2139 639 2197 Luc.
661 2139 695 2197 II
717 2138 735 2196 2
756 2161 783 2210 p.
807 2139 866 2198 260
887 2140 972 2198 adh.
995 2139 1026 2215 l.)

247 2235 304 2294 Sed
325 2239 374 2306 qui
394 2237 565 2295 formulam:
587 2247 667 2301 εἴτις
685 2245 729 2294 καὶ
749 2241 828 2302 ἄλλος
848 2235 1031 2311 (quamquam
1053 2257 1086 2294 eo
1105 2238 1141 2296 ab
1161 2237 1216 2295 hoc
1238 2237 1369 2306 exemplo

165 2334 274 2403 differt,
297 2334 373 2404 quod
388 2334 424 2391 ad
445 2354 507 2392 eam
529 2354 565 2392 ex
586 2333 820 2414 ante-cedentibus
842 2333 1032 2405 supplendum
1054 2333 1109 2409 cst)
1123 2342 1153 2392 ot
1172 2335 1266 2392 locum
1281 2332 1368 2391 Rhet.

166 2451 209 2501 pr.
234 2428 270 2488 17
285 2429 385 2506 (3,19),
408 2450 464 2501 quo
485 2439 587 2510 ἔγραψε
610 2428 649 2504 (p.
673 2428 743 2507 131)
766 2432 902 2488 omissum
924 2440 977 2500 est,
1003 2439 1033 2488 et
1053 2431 1206 2490 formulas:
1239 2430 1290 2488 Bis
1311 2450 1368 2487 acc.

167 2525 206 2585 13
227 2537 258 2584 et
279 2525 317 2585 14
334 2525 447 2604 (2808)
473 2526 512 2601 (p.
536 2525 615 2603 132),
643 2529 673 2584 in
701 2527 804 2597 quibus
833 2534 941 2603 ἐγκαλεῖ
966 2527 1056 2598 abest,
1085 2527 1121 2585 ad
1149 2527 1369 2598 comparandum

166 2623 295 2695 adhibet,
317 2626 343 2682 ei
365 2625 473 2695 ellipsis
494 2645 520 2683 v.
543 2631 614 2684 εἶδεν
634 2626 664 2682 in
682 2625 823 2695 Fugitiuis
844 2624 968 2683 fortasse
983 2624 1139 2683 tolerabilis
1159 2624 1250 2682 videri
1264 2631 1369 2695 potest,

166 2723 345 2792 praesertim,
367 2741 432 2779 cum
453 2721 500 2779 hic
522 2741 634 2792 quoque
656 2721 779 2780 Hermes
800 2741 901 2792 praeco
923 2721 1048 2778 formula
1069 2729 1175 2779 utatur.

634 2899 706 2963 δεῖν
729 2892 904 2956 omissum:

248 3015 354 3074 Veram
381 3015 493 3086 ellipsin
519 3014 598 3074 verbi
625 3022 681 3074 δεῖν
705 3035 846 3086 nusquam
873 3015 949 3086 apud
974 3015 1132 3072 Lucianum
1159 3014 1292 3073 vidimus.
1334 3014 1370 3070 In

168 3111 309 3183 omnibus
336 3132 408 3182 quae
429 3113 526 3169 afferri
547 3121 676 3183 possunt,
706 3112 844 3183 exemplis
866 3133 902 3170 ox
923 3111 1158 3170 antecedentibus
1179 3111 1224 3170 vel
1254 3131 1371 3181 sequen·

168 3209 247 3268 tibus
274 3209 462 3279 repetendum
490 3217 543 3266 est.
588 3208 735 3280 Imprimis
763 3211 915 3279 omittitur,
945 3209 969 3266 si
997 3208 1172 3278 adjectivum
1200 3208 1314 3267 verbale
1341 3208 1370 3264 in

169 3332 233 3371 -τεος
254 3306 410 3364 terminans
431 3305 576 3363 antecedit
596 3306 676 3364 velut
696 3307 725 3363 in
746 3306 801 3377 his,
824 3325 896 3376 quac
917 3304 964 3362 Du
986 3305 1090 3364 Mesnil
1112 3306 1234 3377 collegit.
1271 3304 1370 3362 Herm.

170 3401 209 3460 23
224 3399 347 3477 (1,761);
370 3407 551 3460 ωιονδιιστεόν
570 3440 603 3447 -
622 3411 667 3461 καὶ
686 3407 750 3481 μήτε
768 3409 892 3482 πατρίδος
911 3439 944 3446 -
963 3405 1047 3459 πολῦν
1065 3411 1201 3462 ποιεῖσθαι
1218 3405 1264 3460 τὸν
1282 3404 1370 3476 λόγον.

170 3499 270 3556 Herm.
291 3498 330 3556 64
345 3497 472 3575 (1,805):
495 3502 637 3558 τῖποδοτίον
655 3501 703 3559 οὖν
722 3507 767 3557 καὶ
787 3537 817 3544 -
839 3507 984 3578 αἱρεῖσθαι.

250 3595 349 3653 Hann.
379 3594 418 3654 36
438 3592 561 3671 (1,779);
594 3601 630 3655 ἄν
651 3604 704 3674 μὲν
726 3597 775 3655 οὖν
797 3599 930 3675 πρόδηλον
952 3605 1061 3670 yonam
1083 3608 1164 3670 τοῦτο,
1188 3601 1223 3661 ὦς
1247 3604 1373 3652 Στωϊκῶν

170 3699 227 3751 ε’στι
244 3696 330 3770 μόνον
347 3695 378 3750 ari
399 3700 440 3758 δὶς
463 3696 511 3750 δύο
534 3702 642 3772 τέτταρα
666 3697 812 3769 ἧγεῖσθαι,“
825 3696 881 3772 ὥρα
901 3702 1004 3750 σιωπᾶν
1022 3702 1074 3758 τοῖς
1093 3696 1190 3757 ἄλλοις·
1217 3696 1281 3770 ἄχρι
1300 3695 1328 3746 δ’
1338 3693 1374 3748 τῖν

170 3792 249 3847 adrat
267 3791 356 3847 τούτου
374 3800 433 3868 περι
456 3791 651 3866 διαμάχωνται,
674 3794 780 3850 πάντων
802 3793 901 3867 ὁμοίως
923 3792 1068 3848 ἀκουστέον
1091 3792 1107 3859 ἢ
1125 3795 1233 3861 εἰδέναι,
1252 3791 1291 3845 ὅτι
1309 3789 1373 3865 πρὸς

166 3889 251 3965 χάριν
270 3888 390 3954 δικάζειν
408 3889 528 3962 δόξομεν.

252 3989 339 4049 Cuius
361 3991 415 4050 loci
437 3997 581 4048 structura
602 4010 822 4062 commovemur,
844 3999 877 4048 ut
898 3992 993 4062 potius
1015 4011 1079 4049 cum
1100 3990 1148 4048 Du
1167 3989 1299 4048 lllesnilio
1326 3997 1374 4064 δεῖ,

171 4107 256 4158 quam
276 4107 340 4145 cum
355 4087 523 4145 Lehmanno
549 4091 606 4168 δρα
627 4108 664 4146 ex
678 4088 912 4147 antecedentibus
933 4087 1135 4147 subaudiamus
1155 4087 1193 4144 cf.
1208 4086 1256 4145 Du
1271 4087 1374 4145 Mesnil

171 4183 207 4241 ad
227 4184 256 4241 h.
272 4184 291 4241 l.

251 4279 316 4338 Non
339 4301 389 4351 per
409 4280 531 4350 ellipsin,
553 4280 583 4338 id
604 4281 679 4351 quod
700 4282 764 4341 vult
783 4282 831 4340 Du
852 4281 965 4351 Mesnil,
988 4281 1038 4339 scd
1060 4301 1095 4338 ex
1117 4281 1302 4350 sequentibus
1320 4307 1373 4360 χρη

171 4376 285 4435 videtur
306 4377 497 4448 supplendum
519 4397 580 4434 esse
608 4378 638 4435 in
659 4377 760 4450 Navig.
781 4377 818 4436 17
839 4376 972 4453 (3‚260):
1010 4387 1035 4437 εἰ
1058 4385 1110 4456 μὲν
1134 4381 1189 4457 γὰρ
1211 4381 1375 4455 Ἀδείμαντος

170 4469 299 4541 βούλεται,
319 4470 381 4524 οὐδὲ
401 4475 503 4545 ε’ρωττῖν
521 4471 606 4543 οῖμτιι,
625 4469 654 4532 ὅς
672 4492 703 4542 γε
723 4473 754 4538 δὴ
775 4473 804 4525 ἰν
821 4477 851 4543 τῇ
869 4472 1076 4545 νηῒτόνῖτερον
1094 4469 1164 4524 πόδα
1190 4473 1252 4543 ἔχει,
1272 4469 1325 4544 χρὴ
1346 4472 1375 4524 δὲ

173 4567 217 4619 καὶ
230 4573 337 4639 Λυκίνῳ
357 4566 472 4620 δοκεῖν.“
