3204 5126
676 357 835 418 „19-

136 576 275 614 numero
297 575 403 627 paene
425 555 618 626 adaequare
631 552 662 632 ¹).
696 554 775 625 Quae
790 555 953 614 differentia
966 553 1032 612 inde
1047 555 1124 613 nasci
1138 553 1259 624 videtur,
1281 553 1358 624 quod

135 653 168 709 in
202 652 288 710 Dial.
318 653 403 724 deon,
435 673 516 723 mar,
544 660 628 710 mort.
657 651 814 711 secundum
842 652 945 723 dialogi
972 659 1113 721 naturam,
1144 651 1174 708 in
1202 669 1258 721 quo
1286 649 1359 710 alter

136 749 234 808 alteri
252 750 385 809 brevibus
400 758 430 808 et
444 749 620 820 simplicibus
635 750 785 808 sententiis
799 748 970 820 respondere
985 748 1067 819 solet,
1082 767 1184 819 magna
1194 747 1358 818 frequentia

135 845 284 904 brevium
305 839 517 905 enuntiatorum
539 847 736 917 primariorum
758 854 810 904 est.

232 941 345 1015 Copula
366 950 424 1002 turc
441 945 472 1001 in
493 944 649 1001 enuntiatis
671 943 847 1014 primariis
872 943 1151 1013 interrogativis.

232 1039 409 1099 Scelusimus
429 1042 459 1098 in
480 1039 714 1098 antecedentibus
740 1060 776 1098 cx
797 1040 938 1110 primariis
959 1039 1109 1097 sententiis
1130 1038 1357 1110 interrogativas,

138 1156 222 1206 quae
240 1136 288 1194 hic
301 1138 454 1208 separatim
469 1117 691 1194 considerentur.
726 1136 815 1194 Putet
829 1138 892 1207 quis
907 1138 936 1193 in
950 1137 995 1193 his
1010 1135 1122 1206 ellipsin
1137 1143 1196 1194 ἔστί
1207 1142 1358 1207 propterea

136 1233 377 1304 frequentiorem
399 1254 470 1305 esse,
492 1235 558 1304 quia
578 1234 709 1293 homines
729 1235 936 1304 interrogantes
957 1232 1091 1291 brevitati
1112 1231 1226 1290 studere
1247 1231 1358 1290 soleant

138 1332 266 1389 omissis
293 1332 333 1389 cis
361 1331 465 1402 verbis,
494 1350 566 1401 quae
594 1331 629 1388 ad
657 1331 908 1401 interrogationem
930 1330 1076 1387 clariorem
1101 1327 1274 1388 reddendam
1299 1348 1358 1386 nou

137 1427 267 1486 valeant
286 1427 407 1498 ideoque
428 1427 527 1486 abesse
548 1429 669 1499 possint,
690 1427 720 1484 id
741 1427 818 1498 quod
837 1428 868 1484 in
889 1427 1020 1498 copulam
1042 1426 1132 1486 cadat.
1168 1425 1269 1496 Neque
1289 1445 1356 1485 vero

138 1545 191 1582 res
215 1525 260 1582 ita
279 1545 311 1582 se
336 1523 425 1583 habet
446 1523 521 1595 apud
542 1523 709 1582 Lucianum.
746 1523 900 1582 Omittitur
921 1522 1036 1594 quidem
1058 1524 1087 1581 iu
1109 1523 1222 1594 scriptis
1243 1523 1356 1582 selectis

138 1628 207 1680 ἐστι’
229 1613 286 1679 ηόη
307 1623 405 1692 paucis
426 1621 495 1679 locis
517 1641 555 1680 so.
579 1617 638 1679 28.
662 1640 754 1690 neque
775 1621 816 1678 ita
837 1621 928 1679 multo
949 1621 1044 1678 minus
1069 1621 1195 1692 positum
1216 1619 1357 1691 reperitur

141 1738 184 1776 sc.
214 1715 273 1776 24.
931 1730 935 1738 “

232 1815 322 1873 Paulo
343 1816 434 1873 maior
455 1816 619 1885 frequentia
640 1814 773 1884 ellipseos
795 1822 848 1885 est,
878 1814 901 1872 si
922 1815 951 1871 in
974 1815 1124 1872 sententiis
1145 1815 1356 1886 interrogativis

142 1932 160 1968 a
188 1912 360 1983 pronomine
385 1927 422 1978 τίς
447 1912 648 1983 incipientibus
674 1911 812 1968 omissum
838 1918 897 1970 ἐστι’
920 1931 984 1968 cum
1010 1931 1067 1969 non
1089 1912 1193 1969 omisso
1215 1911 1355 1983 conferas,

142 2029 185 2066 sc.
216 2005 273 2067 14.
297 2009 388 2081 deest,
417 2007 451 2067 8.
474 2009 585 2080 legitur.
630 2007 709 2078 Quae
730 2007 894 2078 frequentia
915 2028 972 2065 non
993 2009 1110 2066 minima
1131 2029 1168 2066 ex
1188 2016 1269 2080 parte
1289 2008 1356 2067 inde

144 2107 250 2177 oritur,
272 2106 349 2178 quod
370 2105 463 2164 brevis
478 2105 617 2177 quaedam
637 2104 762 2163 formula
783 2104 975 2175 interrogandi
989 2119 1015 2164 τί
1030 2117 1115 2176 τοῦτος
1138 2107 1250 2176 saepius
1272 2106 1355 2177 redit,

143 2203 176 2259 in
201 2223 257 2273 qua
278 2210 343 2274 ἐστί,
366 2203 459 2273 quoad
480 2203 609 2261 videmus
631 2221 743 2272 semper
764 2200 853 2259 abest.
876 2223 902 2260 v.
938 2201 1013 2260 Dial.
1036 2202 1112 2260 deor.
1135 2199 1196 2274 5‚5
1218 2200 1258 2278 (2,
1275 2201 1354 2279 216).

145 2299 225 2357 Dial.
248 2321 317 2357 mar.
340 2298 368 2371 3,
391 2298 407 2357 1
430 2296 471 2374 (1,
494 2296 573 2374 295).
616 2298 691 2355 Dial.
713 2305 797 2355 mort.
822 2297 869 2368 10,
891 2295 909 2355 9
931 2295 972 2372 (1,
995 2296 1074 2376 372),
1101 2295 1149 2370 27,
1171 2297 1190 2358 8
1212 2297 1252 2374 (1,
1274 2297 1354 2372 443),
1433 2301 1436 2306 '

145 2395 201 2453 Bis
223 2417 279 2454 acc.
302 2394 342 2454 24
368 2393 408 2471 (2,
430 2394 510 2472 822).
554 2394 664 2465 Quibus
690 2393 762 2453 adde
789 2415 825 2452 ex
850 2395 952 2453 ceteris
978 2396 1097 2454 Luciani
1126 2397 1254 2468 scliptis:
1284 2397 1353 2468 Jup.

147 2505 223 2564 trag,
246 2492 284 2552 18
306 2491 345 2568 (2,
368 2491 448 2569 663).
490 2493 564 2551 Piso.
588 2491 604 2550 1
628 2489 668 2566 (1,
690 2490 771 2568 571),
793 2490 832 2551 48
854 2489 894 2566 (1,
917 2490 997 2569 616).
1040 2491 1150 2565 Octapl.
1171 2491 1189 2552 5
1211 2491 1252 2569 (1,
1274 2493 1354 2570 626).

146 2588 252 2661 Navig.
276 2588 313 2648 19
335 2589 375 2665 (3,
397 2587 477 2666 260).
521 2588 631 2660 Oatapl
654 2587 672 2648 3
694 2587 734 2663 (1,
757 2586 836 2665 623).

232 2686 278 2746 Ex
298 2688 353 2759 his,
382 2688 510 2758 quaeda
532 2687 688 2745 enuntiatis
710 2686 851 2756 primariis
872 2687 1083 2759 interrogativis
1105 2689 1267 2760 statuimus,
1294 2709 1355 2760 per·

147 2785 285 2854 spicitur:
314 2786 343 2842 in
365 2786 405 2842 eis
427 2784 540 2856 ellipsin
561 2783 678 2842 voculae
700 2789 759 2842 ἐστι’
777 2803 834 2842 non
855 2785 1039 2856 praecipuum
1061 2786 1189 2846 obtinere
1210 2786 1312 2845 locum.

429 2994 460 3083 2)
506 2998 549 3061 Ic
580 2997 765 3062 enuntiatis
797 2998 1079 3064 secundariis.

470 3175 503 3241 a)
526 3172 557 3228 in
578 3171 734 3230 enuntiatis
755 3173 1032 3243 interrogativis

231 3308 386 3368 Veniamus
398 3309 434 3368 ad
448 3311 596 3368 enuntiata
607 3310 772 3369 secundaria
783 3331 815 3368 ac
829 3312 953 3382 primum
964 3311 1079 3381 quidem
1091 3312 1126 3370 ad
1141 3313 1352 3385 interrogativa.

147 3404 193 3464 Dc
219 3405 274 3476 his,
300 3415 333 3463 ut
357 3427 409 3465 nos
435 3406 549 3477 quidem
576 3407 796 3477 observavimus
824 3407 901 3466 idem
925 3409 988 3466 fere
1014 3408 1164 3467 dicendum
1190 3418 1235 3468 est
1260 3431 1292 3468 ac
1318 3411 1353 3470 de

147 3503 291 3573 primariis
311 3505 531 3576 imterrogativis
553 3507 591 3563 sc.
614 3512 672 3565 ἐστι
691 3525 747 3562 non
769 3505 881 3576 saepius
904 3506 998 3563 omitti
1019 3525 1105 3576 quam
1120 3507 1195 3577 poni.
1228 3507 1302 3565 Nam
1322 3509 1352 3566 in

147 3602 200 3670 eiS,
229 3619 301 3669 quae
329 3600 465 3672 elegimus
493 3603 606 3672 scriptis
634 3600 784 3659 Luoianeis
813 3602 961 3659 enuntiata
988 3604 1191 3675 interrogativa
1222 3625 1239 3662 a
1265 3604 1351 3664 verbo

147 3716 288 3767 suspensa
304 3698 404 3768 copula
418 3705 478 3758 ἐστί
500 3696 556 3758 18.
574 3706 681 3769 carent,
705 3694 762 3755 19.
779 3697 908 3769 praedita
922 3708 998 3757 sunt.
1024 3699 1168 3758 Numerus
1181 3703 1351 3762 omissorum

147 3800 209 3852 ἐστί
227 3793 312 3850 etiam
333 3795 426 3853 minor
447 3804 532 3866 esset,
554 3797 609 3853 nisi
629 3796 658 3852 in
680 3815 731 3853 sex
752 3795 908 3853 enuntiatis
929 3794 1114 3868 adjectivum,
1141 3798 1218 3868 quod
1238 3798 1350 3872 dicitur,

146 3889 262 3949 verbale
284 3891 438 3960 praedicati
458 3891 520 3951 loco
542 3901 710 3962 occurreret,
736 3893 766 3949 in
788 3912 853 3962 quo,
880 3901 914 3950 ut
934 3902 1035 3964 postea
1055 3893 1223 3966 videbimus,
1250 3897 1352 3967 copula

147 3987 314 4057 saepissime
334 3986 423 4046 deest.

203 4263 220 4314 ¹)
235 4263 346 4308 Diversus
360 4265 433 4316 igitur
446 4269 492 4310 hac
505 4267 532 4310 in
545 4278 571 4308 re
580 4267 680 4309 Luciani
695 4278 754 4310 usus
764 4277 778 4309 a
787 4268 968 4319 Xenophonteo
982 4269 1019 4320 sit,
1035 4269 1056 4311 si
1065 4269 1236 4312 Boettcherum
1250 4271 1350 4324 quidem

237 4333 366 4387 aequlmur,
382 4336 423 4388 qui
437 4339 502 4389 apud
511 4337 702 4388 Xenophontem
717 4337 856 4389 copulam
872 4334 929 4386 ἐστι’
939 4339 965 4381 in
976 4339 1108 4381 enuntiatis
1118 4341 1267 4383 secundariis
1277 4342 1349 4393 poni

238 4404 339 4448 sciere
358 4407 447 4449 statuit.
477 4409 523 4450 Sed
538 4418 650 4450 vetemus
664 4419 696 4450 ne
715 4409 762 4451 hoc
776 4409 913 4452 Boettcheri
925 4409 1045 4461 judicium
1058 4408 1116 4452 inde
1131 4414 1211 4453 ortum
1225 4411 1262 4462 sit,
1283 4412 1349 4462 quod

237 4471 262 4514 in
281 4477 365 4517 enunt.
385 4486 432 4518 sec.
452 4478 621 4519 tantummodo
640 4478 773 4530 positum
794 4473 854 4526 ἐστί
870 4481 1015 4531 observaret,
1036 4481 1149 4532 exempla
1167 4481 1250 4524 omissi
1268 4492 1349 4532 neque

238 4546 376 4587 numeraret
389 4557 470 4598 neque
484 4548 515 4589 ad
530 4549 720 4599 comparandum
734 4549 867 4594 adhiberet.
