3204 5126
776 335 935 396 „14-

251 535 387 606 adjectivi
397 537 455 596 vim
468 536 565 606 habet,
581 534 772 606 supplendum
783 533 897 593 videtur
911 553 982 592 esse.
1011 533 1048 590 ld
1062 532 1139 603 quod
1153 533 1292 603 exemplis
1308 533 1459 590 nominum

251 634 438 704 propriorum,
460 653 532 704 quae
551 632 627 703 apud
641 632 798 690 Lucianum
812 651 881 690 voce
902 634 1001 691 ὄσάνυ
1021 629 1118 688 addita
1132 629 1274 702 leguutm,
1297 629 1460 690 confirmari

251 730 333 790 nobis
353 729 475 788 videtur.
510 728 667 788 Videamus
689 728 815 800 singula:

330 829 357 885 ui
370 837 414 886 τοῦ
428 830 545 899 ιιιθῆκου
557 836 722 885 πεπονθέναι
732 849 759 884 σε
773 828 911 902 φῆσουσιν,
930 827 1112 903 ὃΚλυοιιάυρφ
1124 835 1153 901 τῆ
1166 827 1236 882 πάνυ
1250 830 1315 899 φασὶ
1328 835 1461 899 γενέσθαι

250 920 408 994 Apolog.5
429 920 561 1000 (l,713).
588 926 660 1002 πυροὶ
679 925 830 1002 Εὐκράτους
849 926 905 994 ῆκω
924 945 965 980 σοι
983 931 1027 980 τοῦ
1046 924 1124 979 πάνυ.
1156 917 1316 991 Philops.5
1337 918 1378 995 (3,
1395 919 1458 998 34).

250 1034 308 1079 rivo
317 1024 365 1093 τῆν
373 1024 516 1101 Ἠλέκτραν
525 1027 617 1096 λέγεις
631 1031 713 1099 Χρυς·
723 1022 866 1098 Ἠλέκτραν
874 1025 927 1096 μὲν
936 1025 1048 1091 ἐκείνην,
1057 1021 1104 1090 τῆν
1113 1021 1193 1090 πάνυ,
1205 1019 1252 1099 τῆιι
1260 1020 1460 1096 Ἀγαμέμνονος

250 1116 303 1174 Vit
317 1125 391 1175 auct.
404 1115 442 1175 22
458 1114 498 1193 (l,
514 1115 594 1192 563).
629 1122 690 1195 παρ’
699 1118 778 1174 αὐτοῦ
792 1122 893 1174 ἐκείνου
905 1127 950 1173 τοῦ
963 1117 1033 1173 πάνυ
1043 1118 1104 1179 Διὸς
1119 1117 1173 1186 ῆκω
1186 1117 1300 1193 τῆμσρον
1314 1117 1460 1192 θαυμάσια

251 1222 296 1272 καὶ
314 1218 430 1280 ἄκουσας
452 1221 497 1272 καὶ
522 1217 588 1272 idcir
608 1213 681 1271 Icar.
697 1210 715 1270 2
737 1209 778 1286 (2,
793 1208 872 1288 752).
898 1219 952 1270 ἐπεὶ
972 1218 1000 1270 aa*
1012 1215 1141 1291 Ἦρώιλῆς,
1161 1213 1267 1283 andra,
1287 1217 1394 1270 ἐπένθει
1412 1215 1461 1270 τὸν

251 1315 424 1383 Πολυδεύκην
448 1310 569 1369 Damon.
586 1307 624 1367 24
646 1306 686 1384 (2,
702 1307 782 1385 384).
814 1316 914 1384 ἐλέγετο
932 1317 962 1368 da
978 1315 1039 1388 παρ’
1053 1311 1192 1387 Εὐκράτει,
1209 1318 1245 1384 τῴ
1257 1311 1336 1380 πάνυ,
1354 1311 1460 1378 decurri·

251 1432 299 1474 σας
309 1445 342 1453 --
352 1411 435 1466 πολλά
448 1433 473 1467 τε
487 1413 722 1485 συμφιλοσοφῆσαι
735 1413 765 1466 ἕν
775 1417 811 1484 τῴ
824 1392 960 1484 συμποσίῳ
973 1413 1018 1464 καὶ
1037 1412 1091 1463 etc.
1114 1403 1247 1462 Hermot.
1264 1401 1299 1461 11
1322 1401 1351 1479 (1
1356 1449 1363 1475 ‚
1375 1400 1459 1480 750).

331 1505 411 1563 Haec
438 1513 506 1590 sunt
533 1503 664 1574 exempla
692 1503 848 1574 Lucianea,
880 1503 909 1561 in
938 1502 1041 1574 quibus
1070 1506 1083 1559 ὁ
1107 1504 1178 1560 πάνυ
1207 1501 1315 1559 nomini
1342 1501 1460 1571 proprio

253 1602 423 1673 adjunctum
445 1610 498 1660 est.
540 1601 690 1659 Adicimus
712 1620 753 1671 ea,
776 1620 848 1670 quae
869 1600 946 1670 apud
966 1600 1036 1657 alios
1058 1599 1212 1669 scriptores
1233 1597 1381 1668 leguntur:

330 1703 443 1778 Ὁμήρῳ,
455 1710 490 1776 τῷ
503 1702 585 1758 nava:
607 1697 727 1768 Niceph.
741 1695 881 1768 Gregoras
895 1697 963 1754 hist.
975 1695 1095 1766 Byzant.
1108 1694 1209 1766 XXV,
1225 1692 1272 1752 26.
1304 1694 1340 1751 Iu
1355 1693 1458 1764 Steph.

251 1797 324 1854 thes.
344 1795 409 1854 vide
426 1796 511 1854 haec:
535 1795 636 1854 Suidas
657 1815 679 1852 s,
694 1815 721 1852 v.
743 1797 885 1870 τῆλουγῆς·
905 1797 1082 1872 Πυθαγόρας,
1100 1803 1145 1850 τοῦ
1163 1794 1233 1850 navo
1253 1795 1315 1856 υἱός.
1348 1790 1461 1862 Gragor

251 1893 286 1951 dc
300 1893 426 1952 Joannc:
445 1896 582 1964 Ἰωάννην,
594 1895 640 1952 τὸν
651 1895 729 1950 πάνυ.
759 1890 830 1948 Aah.
846 1911 874 1961 p.
887 1889 925 1946 22
941 1886 998 1967 [12
1018 1910 1045 1960 p.
1061 1883 1143 1966 bi’tll:
1166 1896 1223 1968 περὶ
1237 1893 1266 1946 ct*
1279 1891 1459 1968 Ἀλεξάνδρου,

250 2000 295 2048 τοῦ
314 1993 384 2048 πάνυ
402 2001 502 2069 τρυφῆς
525 1987 648 2060 Gregor:
672 1997 886 2060 Κωνσταντῒνον,
902 1990 948 2044 τὸν
965 1989 1043 2045 πάνυ,

332 2084 442 2155 Quibus
468 2085 616 2156 exemplis,
646 2086 670 2143 si
696 2085 859 2156 singulatim
888 2084 1093 2154 examinamus,
1122 2081 1359 2152 comprobatume
1386 2081 1459 2140 Her-

171 2235 174 2239 .
252 2183 348 2240 manni
370 2183 521 2253 explicatio
543 2183 620 2241 vocis
641 2187 656 2241 ὅ
674 2186 745 2241 πάνυ
775 2201 830 2239 sc:
857 2181 891 2251 ia,
914 2181 963 2250 qui
977 2200 1007 2238 rc
1021 2200 1088 2239 vera
1109 2200 1141 2237 ac
1156 2179 1240 2250 plane
1261 2179 1325 2248 quis
1346 2187 1391 2236 est
1411 2179 1458 2238 vel

251 2280 400 2350 genuinus
429 2300 486 2338 uon
512 2280 625 2351 spurius
647 2299 737 2348 eoque
758 2279 872 2336 nomine
893 2275 1047 2348 indignus?
1075 2275 1260 2346 Quadrantue
1280 2275 1359 2334 haec.
1375 2296 1399 2334 e.
1415 2297 1457 2347 gr.

250 2378 280 2434 in
309 2379 465 2456 Κλεοπάτρᾳ
490 2387 519 2452 τῆ
542 2379 632 2436 advo?
663 2376 880 2447 Significaturue
907 2375 952 2432 his
980 2373 1089 2432 verbis:
1119 2372 1287 2444 Cleopatrae
1314 2393 1397 2431 verae
1425 2393 1459 2430 ac

252 2473 390 2544 genuinae
406 2493 462 2531 non
477 2473 533 2544 alii,
549 2493 621 2543 quae
636 2473 691 2531 hoc
710 2473 824 2531 nomine
838 2471 954 2542 indigna
968 2469 1034 2529 est?
1065 2469 1112 2528 Sic
1127 2470 1181 2528 dici
1201 2490 1258 2528 nou
1277 2475 1382 2541 potest,
1403 2471 1459 2528 nisi

252 2590 324 2641 quae
345 2589 467 2640 persona
480 2570 542 2628 aliis
557 2589 691 2640 expresse
706 2569 861 2640 opponitur
878 2577 908 2626 et
928 2567 1070 2625 indicatur
1088 2567 1140 2625 has
1160 2568 1271 2638 spmias
1286 2586 1357 2638 esse,
1379 2566 1459 2624 illam

251 2687 348 2726 veram
359 2675 389 2724 et
402 2668 563 2738 genuinam.
586 2665 670 2736 Quod
685 2685 752 2725 sanc
763 2665 824 2722 fieri
838 2673 935 2735 potest
949 2664 998 2722 illo
1009 2663 1214 2734 Xenophontis
1229 2663 1300 2734 loco,
1313 2683 1369 2734 quo
1380 2661 1459 2721 Peri-

253 2763 319 2834 cles,
330 2763 378 2821 ille
390 2763 562 2821 almissimus
573 2765 614 2821 rei
629 2763 759 2834 publicae
770 2762 993 2819 Atheniensium
1004 2761 1064 2818 dux
1075 2769 1104 2819 et
1118 2760 1299 2831 gubernator,
1312 2760 1369 2818 filio
1381 2762 1459 2832 igno-

252 2861 303 2920 bili
317 2860 479 2931 opponitur.
513 2858 692 2930 Quamquam
708 2859 870 2917 differentia
884 2857 941 2928 illa,
955 2877 1026 2927 quae
1041 2865 1086 2915 est
1100 2859 1177 2915 inter
1190 2865 1301 2928 patrem
1316 2857 1458 2916 illustrem

253 2957 389 3016 etlilium
408 2957 502 3014 minus
522 2966 622 3015 notum
642 2976 699 3015 nou
718 2957 778 3014 sine
798 2955 915 3014 audacia
933 2953 1055 3024 quadam
1074 2954 1225 3024 adjectivis
1247 2955 1409 3025 «genuinus
1428 2963 1460 3012 et

253 3055 390 3125 spmiusa
415 3054 592 3124 expn'mitur.
635 3053 691 3112 Sed
712 3073 764 3110 nec
778 3055 849 3111 πάνυ
873 3071 1015 3110 «revera»
1038 3051 1084 3109 vel
1109 3052 1292 3122 «genuinus»
1317 3051 1458 3122 significat

254 3170 306 3209 nec
326 3151 470 3208 uecesam'o
490 3150 539 3208 illa
560 3149 764 3222 significatione
779 3169 850 3220 opus
871 3155 925 3219 est,
948 3168 1003 3219 qua
1020 3147 1107 3206 verba
1128 3155 1259 3227 Περικλῆς
1282 3152 1296 3205 ὁ
1320 3151 1390 3207 πάνυ
1411 3168 1458 3206 ex-

253 3248 403 3320 plicentur.
445 3247 540 3306 [lmmo
567 3267 635 3306 vero
663 3247 755 3305 multo
783 3246 885 3304 melius
906 3252 936 3302 et
956 3244 1070 3302 facilius
1091 3245 1161 3302 haec
1190 3244 1404 3316 intelleguntur,
1433 3246 1458 3302 si

254 3346 289 3403 ad
311 3344 446 3416 adjectivi
459 3345 517 3403 vim
537 3353 708 3416 spectamus
731 3344 846 3414 quaein
862 3342 977 3400 nomine
992 3348 1125 3422 Περικλῆς
1145 3342 1217 3399 latet
1232 3361 1270 3400 sc.
1292 3348 1458 3424 περίβλεπτος

253 3442 298 3502 vel
320 3448 431 3509 ἔνδοξος.
459 3446 488 3499 ‘⁰
505 3445 575 3501 πάνυ
594 3448 726 3521 Περικλῆς
746 3441 822 3498 idem
843 3447 896 3511 cst,
919 3438 995 3509 quod
1016 3442 1030 3496 ὅ
1052 3441 1122 3497 πάνυ
1144 3445 1321 3517 περίβλεπτος.
1354 3438 1457 3509 Itaque

253 3540 283 3597 in
297 3539 342 3596 his
356 3538 450 3597 verbis
465 3539 542 3596 nulla
557 3538 664 3609 ellipsis
686 3537 736 3596 sed
757 3537 863 3594 facetia
884 3535 1023 3606 quaedam
1044 3536 1120 3594 inest
1141 3544 1171 3593 et
1191 3539 1262 3593 πάνυ
1284 3554 1335 3593 suo
1350 3555 1388 3594 sc.
1412 3535 1458 3593 ad·

253 3636 343 3696 verbii
364 3655 482 3694 munere
503 3635 643 3706 fungitur.
1233 3639 1235 3645 '

334 3733 400 3792 Nou
420 3753 487 3792 vero
509 3752 554 3790 res
575 3731 675 3790 eodem
696 3731 781 3790 modo
802 3731 832 3788 in
853 3731 964 3800 ceteris,
992 3749 1064 3800 quae
1086 3729 1244 3800 attulimus
1266 3728 1406 3800 exemplis
1427 3749 1457 3788 se

254 3831 350 3890 habet.
392 3829 534 3900 Exempla
560 3829 640 3888 velut
666 3839 711 3887 τοῦ
730 3832 800 3887 πάνυ
818 3833 880 3893 Διός
898 3827 943 3886 vel
963 3829 1069 3905 Ὃμῆρῳ
1087 3837 1122 3903 τῷ
1140 3828 1211 3886 πάνυ
1232 3825 1305 3883 elane
1330 3825 1458 3884 indicant

254 3928 291 3985 ad
311 3927 447 3999 adjectivi
467 3927 535 3998 vim,
562 3927 684 3996 quaein
705 3925 761 3983 illis
783 3923 944 3982 nominibus
969 3924 1091 3994 propriis
1112 3923 1209 3994 lateat,
1236 3925 1306 3981 πάνυ
1334 3943 1391 3981 non
1417 3944 1458 3982 re-

255 4024 346 4082 latum
367 4044 438 4082 esse.
480 4023 525 4081 Ac
553 4043 589 4081 no
610 4021 769 4080 Hermauni
798 4021 913 4093 quidem
934 4021 1096 4092 explicatio,
1125 4039 1197 4090 quae
1226 4039 1277 4090 per
1297 4039 1381 4078 voces
1406 4004 1460 4078 «ιοΙ

254 4140 342 4180 vora»
373 4129 403 4179 et
433 4121 594 4192 «genuinus
603 4140 615 4172 υ
646 4120 688 4190 fit,
716 4120 810 4177 locum
838 4119 867 4177 iu
889 4118 929 4176 eis
953 4117 1050 4176 habet.
1092 4115 1155 4186 Quo
1183 4115 1268 4175 modo
1295 4117 1383 4187 igitm·
1409 4117 1458 4174 illa

255 4217 387 4288 exempla
411 4217 596 4289 intelligenda
623 4215 712 4275 sunt?
753 4215 877 4274 Vidctm·
904 4235 960 4272 una
987 4221 1100 4272 tantum
1122 4213 1282 4284 explicandi
1302 4213 1348 4272 via
1375 4213 1457 4272 nobis

255 4315 354 4373 relicta
382 4334 444 4372 esse
466 4334 504 4372 sc.
534 4314 666 4385 ellipseos
695 4313 831 4383 adjectivi
852 4319 1025 4391 περίβλεπτος,
1047 4309 1124 4381 quod
1150 4311 1180 4367 in
1208 4311 1248 4368 eis
1269 4309 1456 4381 desideratm,

256 4412 434 4482 statuendae,
456 4411 506 4469 sed
527 4419 625 4482 potest
644 4411 768 4469 fortasse
790 4410 919 4480 abavia,
941 4429 1013 4479 quae
1035 4407 1116 4467 nobis
1137 4408 1305 4477 satisfaciat,
1326 4407 1456 4465 inveniri.

255 4507 475 4566 Attendendum
497 4515 541 4566 est
561 4507 720 4566 Lucianum
741 4515 771 4566 et
792 4515 902 4566 ceteros
923 4505 987 4564 illos
1008 4505 1169 4576 scriptores,
1192 4503 1268 4576 apud
1290 4523 1361 4574 quos
1382 4504 1457 4562 locu·
