3204 5126
796 343 955 404 ...42-

351 544 448 614 Illum,
477 545 526 615 qui
552 545 582 602 in
609 544 747 615 exemplis
773 543 826 603 sub
853 545 900 601 tit.
922 541 940 602 3
962 544 1095 618 cernitur,
1123 563 1207 620 usum
1228 544 1319 616 legem
1340 545 1478 617 judicans
1589 577 1590 588 ο

272 639 397 700 Oobetus
418 639 455 699 V.
470 640 504 698 L.
526 661 554 712 p.
577 638 644 712 113,
667 660 779 712 semper
799 643 848 719 οὐχ
865 643 936 706 ὅπως
954 641 993 684 -“
1007 643 1064 698 au·
1077 642 1142 699 οὐδέ
1157 640 1338 701 scribendum
1359 662 1422 702 esse
1444 651 1479 702 et

270 738 300 795 in
321 737 452 796 Hermot.
475 734 830 828 santabarenum
850 740 888 815 μή
909 744 976 808 post
997 740 1047 815 οὔχ
1064 740 1135 803 ὅπως
1155 737 1304 797 delendam
1325 759 1388 799 esse
1409 759 1477 800 cen·
1589 737 1590 740 ’

271 835 337 894 suit.
380 833 454 892 Sunt
480 835 552 893 haec
579 834 678 894 verba:
710 837 894 914 ὅΣωκρτὶτης,
913 838 942 900 ὃς
960 836 1100 914 ἐκεκράγει
1116 838 1181 916 πρὸς
1199 838 1317 901 ἅπαντας
1334 839 1384 915 οὔχ
1401 839 1477 903 ὅπως

269 936 307 1010 μὴ
326 935 419 1006 πάντα,
439 934 507 990 ἀλλά
525 937 589 1009 μηδ’
603 935 671 996 ὅλως
688 937 791 993 εἰδέναι
809 956 833 990 τι
851 934 868 1002 ἢ
885 942 963 992 τοῦτο.
1001 929 1103 990 Cobeti
1116 931 1257 1004 judicium
1278 932 1313 991 de
1333 933 1388 992 hoc
1408 933 1475 992 loco

269 1032 334 1100 jure
355 1028 495 1088 refutavit
515 1028 691 1087 Fritaschius
716 1027 761 1085 ad,
783 1026 852 1087 Luc.
879 1027 921 1086 H.
944 1026 962 1085 2
983 1049 1011 1100 p.
1035 1015 1093 1087 186
1114 1028 1218 1088 docens
1238 1028 1310 1088 illud
1328 1031 1367 1108 pq*
1385 1033 1474 1091 πάντα

270 1145 306 1183 ex
327 1125 561 1184 antecedentibus
582 1125 734 1197 repetitam
754 1125 875 1196 ideoque
896 1124 1064 1185 servandam
1085 1145 1156 1186 esse.

349 1222 406 1281 Sed
427 1223 536 1282 accedit
556 1223 628 1281 alins
649 1222 737 1294 locus,
764 1222 813 1293 qui
833 1219 935 1281 (lebeti
959 1221 1073 1294 regulae
1098 1217 1265 1282 adversatur
1288 1243 1326 1284 sc.
1348 1223 1472 1285 Parasit.

270 1318 308 1378 12
321 1317 447 1396 (3,849):
470 1328 495 1378 εἰ
510 1327 563 1398 μὲν
581 1323 629 1378 oria
648 1328 711 1398 ἔχει,
729 1322 779 1397 οὐχ
796 1321 866 1384 ὅπως
879 1322 961 1390 ἡδέως
972 1321 1004 1379 οὗ
1017 1322 1128 1396 ζήσεται,
1146 1323 1204 1380 ἀλλ’
1217 1323 1279 1380 olda
1298 1325 1408 1395 ζήσεται.
1430 1323 1472 1383 cf.

268 1417 345 1474 huna
372 1436 499 1487 quoque:
531 1416 576 1475 De
604 1417 687 1488 imag.
717 1415 756 1475 20
776 1412 899 1492 (2,500):
931 1419 947 1476 ὅ
971 1422 1001 1476 di
1019 1419 1082 1477 αὐτό
1101 1428 1173 1478 τοῦτο
1193 1423 1312 1478 ἐπαινῶν
1334 1422 1383 1498 οὐχ
1400 1422 1474 1486 ὅπως

268 1517 329 1573 oid'
349 1517 384 1572 civ
409 1516 534 1588 ψεύσαιτό
557 1539 582 1572 τι
605 1517 766 1594 inportata
789 1523 842 1571 τῶν
858 1517 927 1591 μηδ’
953 1515 1021 1579 ὅλως
1045 1516 1194 1594 προσόντων
1215 1517 1247 1574 τὰ
1270 1520 1301 1574 di
1319 1518 1472 1598 ὕπᾶρχοντα

267 1613 337 1688 cingi
361 1613 439 1688 φύσει
462 1612 558 1686 ἁγαθοὶ
581 1613 633 1669 κᾶν
653 1613 691 1689 μῆ
710 1613 781 1668 πάνυ
805 1612 912 1688 μεγάλα
932 1609 951 1688 ᾖ
973 1613 1138 1691 παραλαβών
1159 1614 1286 1684 ἐπηύξησε
1308 1617 1355 1670 καὶ
1378 1621 1472 1690 μείζω

267 1730 410 1784 anappum

452 1845 591 1929 Ellipsis
613 1845 707 1910 verbi
730 1844 825 1934 λέγω,
848 1845 909 1910 ubi
930 1836 1042 1931 μόνον
1065 1843 1294 1912 desideratur.-

346 1975 470 2035 Videtur
494 1976 638 2035 interdum
664 1977 740 2048 apud
761 1976 919 2036 Lucienum
946 1977 1021 2034 sicut
1045 1975 1122 2048 apud
1147 1977 1217 2035 alios
1238 1977 1392 2049 scriptores
1412 1999 1472 2040 vox

265 2077 351 2152 μόνον
372 2075 476 2133 omissa
497 2094 568 2132 esse.
591 2093 615 2132 e.
637 2093 677 2145 gr.
719 2072 870 2132 Demonax
891 2069 1049 2152 3(2,376):
1072 2073 1120 2132 nin
1137 2075 1335 2150 :spectativa
1354 2079 1470 2154 (μόνον),

264 2172 305 2248 μοὶ
323 2175 366 2228 Δί’
386 2173 448 2230 aida·
465 2182 614 2251 Δημητρίου
627 2173 677 2251 πρὸ
697 2173 776 2230 αὐτοῦ
795 2173 857 2229 aridi
869 2173 1024 2243 Ἐπικτήτου
1042 2173 1235 2252 ἐπεγειράντων
1252 2171 1320 2231 oillei
1333 2182 1399 2232 πᾶσι
1416 2180 1470 2252 μὲν

266 2278 424 2343 συνεγένετο.

345 2372 380 2430 In
402 2378 545 2431 structura
565 2375 596 2430 oi
613 2375 698 2450 μόνον
717 2409 750 2416 -
769 2372 837 2430 ἀλλὰ
856 2385 905 2430 καί
922 2371 1100 2430 desideratur
1118 2373 1269 2450 pianr-in:
1292 2371 1382 2432 Iudic.
1405 2393 1467 2434 voc.

265 2465 406 2545 3(l,84):
440 2476 547 2528 dinewr
570 2472 622 2550 οὐχ
648 2473 719 2548 ὑμᾶς
743 2472 862 2547 (μόνον),
888 2477 916 2526 a‘a'
940 2471 1058 2537 δικάζετε
1083 2479 1141 2544 νῦν,
1167 2469 1235 2528 ἀλλά
1261 2474 1306 2528 aul
1331 2471 1362 2530 rai
1387 2475 1467 2532 land

264 2568 411 2645 reciperatam
429 2577 474 2637 τῆς
491 2583 585 2646 πείρας
602 2573 679 2644 ἔχειν
696 2568 755 2625 τινά
775 2568 905 2641 φυλακήν.
1359 2647 1361 2656 γ

345 2669 507 2742 Quaeritur,
533 2691 601 2729 num
622 2671 652 2729 in
679 2670 725 2730 his
752 2689 819 2730 vera
844 2669 952 2740 ellipsis
977 2669 1055 2728 vocis
1079 2673 1166 2747 μόνον
1186 2670 1232 2730 sit.
1274 2669 1367 2743 Atqui
1394 2672 1467 2732 illud

264 2767 379 2838 quidem
401 2775 510 2826 certum
532 2775 585 2838 est,
608 2767 684 2838 quod
703 2767 782 2825 notio
797 2765 945 2837 quaedam,
968 2786 1040 2837 quae
1052 2765 1129 2824 idem
1144 2767 1206 2826 fere
1221 2767 1306 2839 valet,
1328 2787 1361 2826 ac
1380 2771 1467 2847 μόνον

263 2865 309 2922 his
330 2864 398 2922 loeis
420 2863 519 2923 abesse
540 2885 597 2923 non
619 2872 723 2935 potest.
755 2862 830 2921 Nam
852 2863 876 2922 si
897 2863 1047 2934 cogitando
1068 2863 1183 2934 quidem
1197 2883 1260 2922 earn
1276 2883 1332 2923 non
1346 2865 1466 2938 supple-

263 2981 336 3032 mus,
363 2962 505 3019 sententia
530 2962 631 3033 prioris
656 2959 777 3019 membri
802 2960 943 3018 enuntiati
967 2960 997 3017 in
1019 2961 1191 3019 contrarium
1212 2962 1335 3020 vertitur
1355 2959 1406 3037 (sc.
1428 2982 1466 3022 ex

264 3057 431 3117 affirmativa
456 3059 485 3115 in
507 3056 688 3134 negativam).
731 3056 904 3128 Exemplum
926 3057 1001 3114 enim
1022 3057 1052 3114 in
1073 3056 1195 3116 Demcn.
1217 3058 1268 3118 vit.
1295 3059 1356 3118 sine
1377 3058 1464 3118 dubio

264 3155 304 3212 sic
324 3155 546 3225 intellegendum
568 3163 627 3214 est:
667 3153 732 3226 Non
754 3153 848 3212 solus
869 3153 1070 3224 Agathcbulus
1092 3173 1144 3212 nec
1164 3153 1328 3214 Demetrius
1340 3175 1401 3214 uec
1421 3175 1465 3214 ce

263 3255 317 3312 teri
339 3253 391 3312 soli
405 3252 611 3311 Demonactcm
631 3251 816 3322 impulerunt,
838 3250 889 3310 scd
910 3270 1008 3308 omnes
1029 3250 1079 3310 illi.
1125 3251 1228 3322 Itaque
1249 3259 1326 3311 certe
1346 3259 1377 3310 et
1389 3251 1466 3326 Aga-

263 3350 400 3409 thobulus
414 3359 444 3408 et
458 3350 545 3407 ceteri
558 3349 742 3420 impulerunt.
775 3346 806 3405 Si
820 3355 916 3406 antem
931 3346 1086 3419 notionem,
1102 3347 1194 3420 qualis
1208 3356 1253 3406 est
1271 3348 1385 3420 sclns,
1407 3369 1465 3408 non

264 3447 448 3506 subaudimus
468 3447 522 3504 hac
542 3444 697 3505 habentur:
729 3443 757 3502 N
763 3463 804 3502 cn
823 3443 1025 3516 Agathobulus
1046 3463 1138 3515 neque
1164 3445 1251 3504 ceteri
1279 3445 1464 3517 impulerunt.

344 3542 427 3613 Quod
448 3543 483 3602 de
505 3544 598 3614 priore
619 3540 751 3612 exemplo
772 3540 906 3612 diximus,
928 3540 1011 3612 plane
1032 3540 1108 3600 idem
1129 3541 1307 3600 adulterum
1329 3543 1464 3616 pertinet.

262 3640 359 3699 Etiam
388 3641 474 3698 huius
504 3641 583 3712 prius
612 3637 772 3696 membrum
803 3656 860 3695 non
891 3637 1043 3697 subaudita
1072 3637 1122 3696 tali
1152 3639 1268 3698 notione
1298 3637 1391 3710 qualis
1419 3648 1466 3698 est

261 3741 346 3814 μόνον
366 3738 395 3794 in
416 3736 579 3808 negativum
600 3743 737 3792 mutatur.
779 3733 822 3790 At
843 3734 1069 3792 necessariumne
1090 3742 1135 3792 cst
1155 3734 1229 3794 hanc
1249 3755 1348 3795 vocem
1372 3736 1465 3808 ipsam

263 3833 395 3904 supplere
416 3853 452 3890 an
478 3832 533 3890 alia
559 3833 647 3902 notio,
673 3850 746 3901 quae
767 3830 842 3889 idern
864 3830 966 3901 valeat,
993 3829 1129 3890 substitui
1154 3829 1274 3902 potest?
1314 3831 1465 3892 &ruatma

262 3933 312 4006 οὐχ
329 3933 400 3994 ὅπως
419 3967 452 3974 -
471 3931 538 3988 ἀλλὰ
558 3942 607 3986 κατ’
629 3927 721 3997 docet,
750 3926 819 3997 quid
846 3926 1068 3998 intellegendum
1097 3928 1143 3986 sit.
1191 3926 1270 3998 Quae
1298 3929 1406 4004 ellipsis
1433 3929 1464 3988 in

261 4025 324 4095 hac,
340 4025 438 4083 eadem
453 4027 482 4083 in
497 4026 553 4083 illis
568 4024 687 4094 obtinet,
710 4022 829 4081 dicimus
844 4022 951 4094 ellipsis
965 4023 1045 4083 verbi
1059 4031 1136 4100 λέγω.
1167 4022 1232 4094 Qua
1245 4044 1315 4084 voce
1331 4024 1465 4096 suppleta

262 4123 349 4192 prius,
365 4122 441 4192 quod
456 4143 492 4180 ex
505 4121 655 4180 Lucianeis
670 4119 828 4191 attulimus
844 4120 1007 4192 exemplum
1022 4121 1062 4178 sic
1076 4120 1195 4192 legitur:
1210 4124 1241 4180 oi
1258 4127 1328 4197 λέγω
1346 4125 1464 4198 Ἀγαθο-

260 4221 364 4295 βούλου,
386 4222 426 4297 μά
450 4225 492 4276 Δί’
510 4222 571 4277 οῦδὲ
590 4224 742 4297 ’Δημητρίου
761 4224 815 4275 etc.
837 4220 1029 4296 ἐπεγειράντων
1053 4219 1120 4276 aaut
1145 4228 1211 4276 πᾶσι
1234 4223 1287 4296 μὲν
1311 4228 1464 4294 συνεγίνετο

260 4317 366 4388 τούτοις,
385 4315 507 4372 alterum
528 4316 581 4374 sic:
606 4322 712 4373 δίκαιον
723 4314 780 4386 οὖν,
799 4317 829 4371 οὗ
847 4321 916 4390 λέγω
929 4317 1000 4392 ὑμᾶς
1018 4315 1085 4374 cilici
1104 4320 1149 4372 καὶ
1167 4316 1198 4373 τοὶ
1217 4317 1295 4374 leand
1314 4318 1464 4394 pprimamus

260 4423 305 4484 τῆς
329 4426 420 4492 πείρας
445 4423 517 4489 ἔχειν
540 4414 671 4488 φυλακήν.
722 4410 827 4469 Verbis
865 4414 895 4469 οὗ
918 4418 987 4486 λέγω
1018 4410 1207 4480 significatur:
1249 4430 1306 4470 non
1338 4410 1464 4472 multum

262 4509 355 4568 tribuo
376 4509 431 4579 his,
452 4508 501 4566 illa
520 4529 587 4568 vero
609 4508 704 4578 gravia
725 4527 787 4566 esse
808 4516 894 4578 atque
915 4526 1026 4578 magna,
1048 4527 1120 4578 quae
1142 4516 1306 4579 sequantur.
