3204 5126
682 337 841 396 „11-

584 592 743 676 Ellipsis
767 593 943 660 subiecti.

242 733 390 805 Ellipsis
416 734 567 793 subiecti
577 730 599 810 1)
627 735 656 791 in
677 753 744 792 vero
766 742 795 792 et
816 753 950 822 expresso
977 737 1134 808 enuntiato,
1162 738 1181 795 i.
1203 757 1228 795 e.
1255 737 1285 794 iu
1307 756 1363 808 quo

159 831 279 889 verbum
300 831 434 902 positum,
457 830 620 901 subjectum
641 839 738 889 mente
757 831 948 903 supplendum
962 840 1016 903 est,
1037 853 1101 891 raro
1115 833 1191 904 apud
1205 833 1363 892 Lucienum

159 929 292 986 occurrit.
339 926 440 1000 Neque
468 927 554 986 facile
581 928 656 1000 apud
689 935 798 986 ceteros
826 928 978 1000 scriptores
1009 949 1129 1000 magnus
1161 931 1220 988 eius
1252 933 1363 1001 generis

158 1044 295 1082 numerus
308 1025 478 1083 inveniatur.
510 1023 611 1095 Neque
632 1025 707 1083 enim
729 1032 826 1096 potest
839 1024 1003 1096 subjectum
1017 1027 1121 1097 omitti,
1136 1027 1241 1085 nisiex
1255 1027 1364 1098 praedi·

158 1121 217 1178 cati
244 1123 271 1180 vi
299 1141 331 1179 ac
358 1121 453 1198 forma
480 1129 599 1193 apparet
626 1129 656 1180 et
683 1121 853 1188 necessitate
881 1121 1003 1192 quadam
1031 1123 1180 1194 colligitur.
1223 1123 1259 1181 Id
1286 1125 1363 1195 quod

158 1217 326 1288 plerumque
346 1219 377 1276 in
397 1218 491 1277 verbis
512 1218 553 1290 lit,
580 1218 692 1289 quibus,
720 1218 789 1288 quid
809 1219 839 1275 in
861 1227 962 1276 natura
982 1219 1100 1291 accidat,
1128 1220 1302 1292 significatur
1323 1240 1361 1280 sc.

156 1315 189 1372 in
214 1315 307 1374 verbis
333 1318 381 1388 ὕει,
406 1329 488 1392 νίψει,
510 1326 618 1394 βροντᾷ,
641 1319 791 1395 ἀστράπτει.
833 1315 882 1373 Ad
907 1335 980 1386 quae
1000 1315 1083 1375 Jovis
1110 1337 1212 1375 nomen
1238 1317 1363 1388 subjecti

156 1411 221 1470 loeo
247 1410 370 1471 Graecos
396 1432 501 1484 ponere
527 1412 626 1470 solitos
653 1431 715 1470 esse
741 1432 829 1482 quum
856 1433 892 1470 ex
916 1413 1015 1471 multis
1044 1414 1163 1472 aliorum
1191 1415 1362 1486 scriptorum

156 1507 237 1580 lucie,
258 1509 361 1578 quibus
382 1512 450 1574 Ζεύς
470 1509 593 1579 additur,
615 1509 677 1566 tum
691 1507 841 1568 Lucianeis
856 1510 1036 1580 perspicuum
1052 1519 1104 1569 est.
1140 1510 1223 1569 Tales
1238 1511 1361 1583 ellipses,

157 1606 255 1674 quales
269 1605 472 1676 Bernhardyus
494 1605 644 1676 populares
666 1605 800 1676 appellat,
822 1607 913 1676 primo
934 1626 1015 1665 veras
1036 1608 1151 1679 ellipses
1170 1609 1285 1667 omniuo
1304 1629 1361 1666 nou

157 1721 220 1760 esse
245 1702 321 1760 dieat
346 1703 419 1773 quis,
446 1701 586 1772 siquidem
607 1702 766 1760 Hermanni
791 1703 892 1774 legem,
919 1723 1005 1774 quam
1031 1703 1066 1762 de
1092 1705 1185 1776 ellipsi
1210 1705 1362 1764 statuenda

157 1806 208 1856 aut
235 1819 291 1858 non
318 1798 471 1857 statuenda
496 1799 572 1869 tulit,
599 1807 744 1869 sequatur.
786 1798 872 1857 Dicat
898 1801 974 1858 enim
1000 1801 1142 1859 enuntiati
1166 1803 1361 1873 integritatem

157 1897 379 1968 grammaticam,
407 1916 443 1954 ex
465 1915 520 1966 qua
541 1895 680 1967 judicium
701 1895 833 1967 pendeat,
859 1905 953 1954 utram
974 1897 1144 1956 vocabulum
1166 1899 1303 1956 omissum
1324 1900 1381 1957 sit*

157 2012 254 2063 necne,
275 1993 305 2050 in
326 1993 371 2052 bis
386 1991 503 2051 vocibus
522 1994 637 2051 omnino
651 2013 708 2051 non
729 1992 834 2051 laesam
849 2013 920 2052 esse.
949 1993 1070 2052 Plenum
1085 2003 1171 2065 atque
1189 1995 1360 2067 perfeetum,

156 2109 219 2146 esse
239 2091 429 2159 enuntiatum,
452 2090 518 2159 quia
539 2109 622 2147 omne
643 2089 761 2149 verbum
783 2110 834 2162 per
854 2111 884 2149 se
906 2092 1087 2149 enuntiatum
1114 2091 1226 2163 efficiat,
1252 2093 1282 2150 in
1304 2112 1360 2163 quo

157 2185 320 2256 subjectum
341 2187 542 2244 terminatione
555 2186 644 2258 verbi,
666 2186 859 2257 praedicatum
879 2196 909 2245 ct
923 2188 1024 2259 copula
1037 2187 1147 2259 reliqua
1160 2196 1241 2259 parte
1258 2189 1361 2261 signifi·

157 2290 244 2341 cetur.
276 2283 334 2341 Sed
349 2283 528 2342 obiciendum
550 2291 594 2342 est
615 2283 675 2342 sola
695 2284 897 2342 terminatione
917 2284 997 2344 verbi
1018 2284 1182 2356 subjectum
1203 2305 1260 2344 non
1276 2286 1359 2357 plane

157 2379 275 2452 deliniri,
297 2379 348 2438 scd
369 2379 488 2439 obscure
509 2388 622 2438 tantum
643 2380 768 2437 indicari.
804 2379 906 2451 Neque
928 2382 1003 2440 enim
1024 2382 1085 2440 sola
1103 2383 1266 2441 terminatio
1280 2383 1360 2442 verbi

156 2496 208 2534 neo
228 2497 385 2547 pronomen
407 2479 508 2536 tertiae
529 2497 666 2548 personae
687 2478 756 2535 satis
778 2487 846 2535 sunt
871 2477 908 2535 ad
933 2478 1096 2549 subjectum
1123 2479 1358 2552 cognoscendum,

155 2573 206 2630 sed
232 2593 346 2645 semper
373 2594 410 2632 ex
437 2594 547 2632 conexu
574 2574 725 2633 verborum
758 2570 821 2648 (aut
849 2594 885 2632 ex
912 2575 997 2633 titulo
1025 2577 1081 2634 toti
1109 2575 1180 2635 libro
1208 2576 1358 2653 inscripto)

155 2670 304 2741 cogitando
327 2671 502 2742 supplemus,
524 2670 593 2742 quid
614 2670 778 2741 subjectum
799 2672 845 2730 sit.
880 2671 926 2729 Ac
944 2673 968 2730 si
983 2691 1075 2743 neque
1090 2693 1126 2731 cx
1140 2692 1251 2731 conexu
1265 2693 1358 2744 neque

155 2786 192 2824 cx
211 2767 297 2825 titulo
319 2768 498 2839 perspicitur,
520 2775 597 2826 certo
619 2787 682 2838 usu,
705 2787 761 2838 quc
776 2777 853 2826 certa
866 2768 952 2827 verba
970 2769 1046 2827 inter
1060 2789 1090 2828 se
1105 2771 1241 2843 conjungi
1255 2770 1358 2841 solent,

153 2863 196 2934 lit,
217 2872 250 2921 ut
271 2863 436 2935 subjectum
457 2865 648 2935 intellegatur.

232 2960 298 3019 Hoc
319 2969 415 3018 autem
429 2962 459 3019 in
477 2961 563 3021 verba
581 2964 630 3034 ὕει,
648 2972 754 3041 βροντᾷ,
773 2964 916 3042 ἀστράπτει
930 2995 970 3004 -
984 2962 1069 3034 eadit,
1090 2964 1120 3021 in
1138 2964 1241 3034 quibus
1256 2963 1358 3024 Graeci

152 3077 230 3116 more
252 3052 337 3134 sual)
362 3059 486 3129 antiquis
507 3057 623 3129 quidem
651 3057 827 3129 temporibus
848 3058 953 3118 lovem
974 3068 1119 3118 auctorem
1140 3061 1356 3134 subaudiebant‚

153 3155 232 3211 etin
252 3154 352 3214 verba:
381 3159 544 3231 ἐσάλπιγξεν,
570 3158 709 3234 ἐσήμηνεν,
737 3174 810 3225 quae
831 3164 908 3214 certo
929 3177 984 3216 usu
1004 3158 1045 3215 rei
1070 3158 1201 3216 militaris
1222 3158 1300 3217 ducti
1321 3159 1357 3218 ad

154 3251 316 3322 subjectum
343 3255 500 3328 saluauit
527 3251 700 3311 referebant.
749 3251 829 3310 Talia
856 3252 892 3311 ab
920 3253 1127 3325 antiquioribus
1155 3252 1271 3314 Graecis
1299 3277 1356 3316 nou

157 3348 426 3422 «impersonaliter»
456 3348 532 3406 dicta
558 3367 628 3420 esse,
655 3345 742 3422 (sicut
767 3368 783 3406 a
809 3349 890 3407 nobis
911 3350 954 3408 in:
984 3371 1014 3408 es
1036 3360 1144 3423 regnet,
1171 3352 1294 3430 schueit)
1320 3374 1356 3412 ex

152 3445 213 3515 ipso
234 3445 360 3504 Lucieno
386 3444 529 3504 discimus.
571 3443 651 3503 Dicit
671 3445 747 3502 enim
771 3446 801 3503 in
827 3445 898 3504 libro
925 3447 960 3506 dc
986 3448 1102 3506 sacrific.
1146 3446 1184 3508 10
1205 3446 1245 3524 (1,
1267 3447 1354 3527 534);

152 3553 270 3601 τοσοῦτον
286 3546 446 3619 ρ’πατὴμιθα
461 3546 564 3622 χρόνον
582 3547 700 3620 οἰόμενοι
718 3545 764 3600 τὸν
781 3557 831 3601 Δία
848 3555 963 3623 βρονιᾶν
979 3570 1005 3603 τι
1028 3553 1073 3603 καὶ
1092 3548 1149 3605 ὕειν
1170 3553 1215 3604 καὶ
1238 3549 1269 3605 τὰ
1288 3551 1355 3606 ἄλλα

152 3643 281 3698 ἐπιτελεῖν.
314 3637 399 3697 Adde
417 3647 511 3697 cetera
525 3639 657 3710 exempla
670 3638 822 3698 verborum
842 3642 883 3698 ὕει
905 3648 935 3698 et
954 3653 1061 3721 βροντᾷ,
1081 3643 1111 3700 in
1126 3643 1229 3713 quibus
1243 3653 1356 3715 praeter

152 3754 238 3793 unum
248 3735 270 3794 J
272 3736 333 3794 ovis
348 3735 451 3794 nomen
465 3736 510 3810 vel
525 3733 603 3793 aliud
617 3735 781 3806 subjectum
796 3756 908 3807 semper
922 3739 1083 3809 apponitur.
1106 3739 1173 3798 Ver.
1186 3739 1263 3798 Hist.
1276 3741 1300 3812 l,
1317 3739 1354 3802 17

153 3827 191 3904 (2,
212 3829 277 3908 84):
303 3840 397 3910 αἵματι
416 3829 477 3891 ὗσαι
495 3835 541 3892 τὸν
559 3844 608 3890 Διά
630 3829 686 3906 (his
708 3852 812 3891 nomen
830 3832 914 3893 Jovis
936 3836 1065 3894 consulto
1087 3837 1213 3907 positum
1234 3837 1291 3914 est)
1312 3845 1354 3898 ἐπὶ

152 3939 185 4004 τῷ
202 3932 375 4009 Σαρπηδόνος
393 3932 511 4008 θανάτῳ.
540 3927 608 3987 Ver.
624 3929 701 3987 Hisi.
716 3928 758 4001 Π,
775 3927 813 3988 14
834 3927 875 4005 (2,
891 3929 974 4008 113):
997 3943 1106 4012 νεφέλαι
1121 3971 1154 3979 -
1171 3938 1246 3994 ὕουσι
1263 3939 1355 3995 λεπτὸν

203 4172 219 4222 ¹)
232 4173 351 4224 Exempla
364 4173 478 4225 ellipseos
493 4175 518 4217 et
533 4183 564 4215 ex
578 4173 691 4224 genuinis
705 4173 806 4217 LucIanl
820 4175 887 4219 libris
903 4179 927 4220 et
941 4189 972 4220 ex
987 4178 1029 4230 eis,
1049 4189 1111 4230 quae
1126 4181 1157 4221 ab
1171 4180 1219 4223 hoc
1237 4180 1353 4234 scriptore

237 4243 407 4294 abjudicantur
416 4244 456 4286 vel
469 4255 484 4286 a
498 4243 622 4296 plerisque
632 4243 772 4287 criticorum
787 4246 969 4299 addubitarem,
985 4249 1116 4300 attullmus¹
1133 4251 1160 4292 ut
1174 4250 1247 4294 eiiam
1261 4262 1293 4294 ex
1303 4251 1353 4294 elll-

215 4324 308 4372 ,pseos
327 4325 373 4356 usu
391 4315 492 4356 sonasse
512 4312 605 4365 aliquid
619 4314 650 4355 ad
668 4314 736 4356 illam
751 4315 927 4369 quaestionem,
948 4329 1010 4370 quae
1025 4320 1055 4361 de
1076 4318 1189 4369 genuinis
1209 4324 1251 4364 eut
1265 4322 1352 4374 spuriis

236 4383 303 4426 libris
318 4384 444 4426 Luelaneis
459 4384 545 4435 agitur,
560 4385 687 4426 redundet.
704 4385 751 4427 Sed
766 4387 885 4438 exempla,
902 4389 999 4440 quaein
1014 4389 1051 4431 hls
1066 4391 1130 4441 sunt,
1146 4390 1216 4434 uncis
1230 4392 1352 4443 quadratis

238 4451 261 4507 [·]
276 4453 427 4497 inclusimus.

201 4531 218 4582 ²)
232 4532 311 4584 Apoll.
328 4533 358 4574 de
373 4535 461 4576 constr.
477 4535 495 4584 1,
512 4533 532 4582 3,
547 4543 571 4585 p.
587 4535 613 4576 12
628 4535 652 4576 et
665 4534 694 4584 11,
710 4535 730 4585 5,
745 4547 769 4587 p.
785 4537 832 4586 101,
848 4539 881 4579 16.
