3204 5126
755 289 914 351 -34-

456 494 553 562 ἔσται
577 492 612 554 et
635 487 775 558 ἔσονται
799 491 920 554 omissa
944 511 1014 554 esse
1036 491 1205 555 videntur:

310 631 407 690 Etiam
428 627 554 690 ἔσταιόί
575 643 676 696 ἔσονται
701 631 777 703 apud
797 630 956 689 Lucianum
981 629 1139 701 supplenda
1164 647 1227 688 csse
1248 629 1382 689 videntur
1402 631 1433 687 in

230 727 280 786 Bis
302 729 358 786 acc.
381 725 420 786 12
435 725 564 805 (2,805):
597 733 686 787 ὁπόσοι
704 730 814 808 γραφὰς
832 731 996 804 ἀπήνεγκαν,
1015 731 1090 798 ἥκειν
1103 730 1242 806 {clipeum
1253 729 1349 803 πάγον,
1362 735 1433 786 ἔνθα

230 820 246 888 ἧ
264 828 329 888 Δίκη
348 819 528 896 ἀποκληρώσει
546 820 577 875 τοὶ
597 821 757 896 δικαστήρια
776 823 821 875 καὶ
840 819 904 886 αὕτη
923 826 1052 894 παρέσται
1070 823 1121 880 τοῖς
1135 817 1297 888 δικάζουσιν,
1316 823 1342 872 οἱ
1360 821 1433 874 δικα-

230 912 286 962 σταὶ
311 910 338 971 ἐξ
356 899 480 963 ἁπάντων
498 908 655 978 Ἀθηναίων,
679 909 693 963 o‘
714 908 815 982 μισθὸς
837 907 980 983 τριώβολον
1002 905 1114 975 ἑκάστης
1137 909 1219 978 δίκης,
1243 907 1362 984 ἀριθμός
1380 915 1434 963 τῶν

230 999 366 1051 δικαστῶν
384 996 449 1051 κατὰ
469 1000 549 1069 λόγον
566 1004 611 1051 τοῦ
631 996 801 1071 ἐγκλήματος.
827 1029 860 1036 -
885 995 917 1064 ἢν
940 998 971 1049 δι’
987 1016 1025 1056 τις
1048 995 1130 1049 ἄδικα
1154 995 1316 1050 δεδικάσθαι
1337 1002 1433 1068 οἴηται,

229 1087 358 1160 ἐφέσιμον
375 1080 530 1157 δγωνιεῖται
547 1093 595 1154 τῆν
613 1087 702 1152 δίκην·
722 1084 738 1151 ἦ
758 1087 787 1139 δὲ
805 1088 895 1156 ἔφεσις
913 1086 954 1138 ἐπὶ
972 1082 1018 1137 τδν
1035 1090 1092 1138 Δία.

308 1177 410 1248 Neque
424 1198 491 1237 vero
506 1198 621 1237 necesse
642 1185 687 1236 est
707 1178 828 1235 futura
853 1177 883 1234 in
904 1176 1008 1235 talibus
1028 1175 1163 1247 suppleri.
1195 1175 1270 1235 Nam
1284 1177 1314 1234 in
1328 1176 1431 1234 edictis

228 1275 274 1334 vel
294 1277 324 1333 in
345 1275 458 1346 libellis,
480 1275 583 1347 quibus
605 1274 673 1345 quid
694 1274 826 1331 futurum
847 1275 894 1344 sit,
916 1279 1001 1331 antea
1022 1273 1168 1344 statuitur,
1190 1293 1247 1331 non
1268 1293 1331 1333 raro
1353 1294 1433 1345 prac-

229 1373 321 1430 scntia
341 1392 392 1442 pro
414 1371 521 1430 futuris
542 1378 696 1443 ponuntur.
730 1370 793 1441 Qua
811 1371 920 1428 ratione
941 1369 971 1427 id
986 1369 1062 1440 quod
1083 1369 1204 1428 adicitur
1224 1371 1269 1430 vel
1284 1371 1431 1442 statuitur,

230 1469 334 1526 certius
359 1477 390 1526 et
410 1468 516 1527 fortius
541 1469 705 1526 affirmatur.
747 1467 850 1538 Itaque
872 1487 929 1524 non
949 1467 1044 1524 minus
1070 1466 1141 1525 bene
1162 1467 1208 1526 vel
1229 1467 1353 1526 fortasse
1374 1488 1433 1526 me·

229 1566 284 1623 lius
309 1567 470 1637 praesentia
495 1573 554 1624 ἐστι’
579 1573 608 1623 et
635 1577 690 1627 εἰσί
714 1572 781 1636 post
805 1569 955 1636 Ἀθηναίων
975 1602 1016 1637 -,
1043 1571 1118 1636 δίκης
1137 1601 1179 1637 -,
1205 1568 1369 1643 ἐγκλήματος
1388 1602 1432 1638 -,

227 1674 277 1720 Δία
288 1699 330 1739 —,
352 1663 569 1722 subaudiuntur.

309 1759 389 1817 Idem
406 1761 544 1818 sentimus
559 1760 594 1817 dc
609 1759 719 1830 Dialeg.
735 1766 819 1817 murt,
842 1755 890 1830 6,5
905 1755 1004 1835 (354):
1033 1769 1105 1817 τοῦτο
1116 1793 1146 1802 -
1161 1765 1222 1836 ἐμοὶ
1241 1761 1352 1830 ἥδιστον
1370 1763 1432 1833 ἤδη,

227 1869 253 1918 εἰ
275 1864 320 1914 καὶ
339 1859 495 1936 Χαροιάδης
516 1859 718 1936 προτεθνήξεται
744 1865 894 1935 Θουκρίτου.
935 1854 1000 1912 Non
1022 1875 1093 1926 opus
1115 1863 1159 1913 est
1179 1855 1279 1914 futuro
1301 1864 1432 1928 tempore

226 1955 256 2012 in
277 1958 395 2030 ἥδιστον,
420 1961 454 2011 ut
480 1954 620 2024 quispiam
646 1961 763 2024 prepter
790 1953 921 2010 futurum
943 1953 1084 2010 enuntiati
1106 1952 1307 2011 condicionalis
1328 1961 1431 2024 putare

227 2052 327 2122 possit,
360 2051 411 2110 scd
436 2050 600 2108 condicione
626 2050 726 2108 futura
751 2051 837 2108 etiam
865 2050 1008 2120 praesenti
1040 2057 1169 2120 tempore
1197 2050 1298 2120 aliquis
1326 2050 1431 2120 gaudio

227 2148 298 2205 affici
320 2157 424 2219 potest.

410 2294 653 2379 Oenjunctivus
676 2293 770 2358 verbi
793 2293 996 2358 substantivi
1019 2291 1159 2357 emissus
1183 2296 1246 2358 est:

307 2432 417 2506 Ostapl.
440 2432 597 2511 2(1,623);
624 2437 733 2492 annua
752 2440 782 2491 δι’
801 2436 894 2513 καιρὸς
912 2443 1030 2491 κατιέναι
1056 2433 1094 2490 cf.
1116 2433 1165 2491 Du
1185 2432 1289 2492 Mesnil
1317 2434 1428 2493 derat.

226 2552 266 2602 gr.
289 2531 358 2591 Luc.
381 2552 441 2603 cap.
464 2532 499 2590 dc
520 2531 566 2589 ell.
589 2539 619 2589 et
639 2530 771 2602 Krucger
791 2549 831 2602 gr.
854 2550 894 2600 gr.
918 2527 995 2601 621.
1037 2530 1074 2588 A.
1090 2528 1118 2588 4.

596 2677 775 2761 Optativus
798 2699 828 2740 v.
854 2697 878 2740 s.
904 2676 1058 2740 omissus:

305 2818 373 2875 Jam
402 2819 555 2888 quaeritur,
588 2838 656 2875 num
685 2818 829 2888 optativus
857 2817 936 2876 verbi
965 2817 1137 2876 substantivi
1164 2817 1240 2889 apud
1267 2816 1429 2877 Lucianum

226 2915 369 2973 interdum
390 2935 444 2986 per
455 2914 567 2985 ellipsin
589 2915 747 2972 omittatur.
778 2913 880 2986 Neque
901 2914 1013 2972 difficile
1031 2915 1157 2985 suppleri
1178 2922 1275 2985 potest
1294 2916 1323 2972 in
1339 2923 1429 2974 struc-

225 3020 290 3070 tura
311 3012 431 3083 optativi
452 3032 516 3069 cum
538 3016 573 3082 ἄν
594 3012 749 3082 conjuncti,
772 3012 838 3081 quia
859 3010 895 3068 ad
915 3012 1101 3070 indicativum
1122 3019 1182 3070 ἐστι’
1198 3031 1286 3083 prope
1307 3013 1427 3071 accedit.

225 3129 249 3166 e.
272 3129 312 3180 gr.
340 3108 384 3166 Dc
409 3108 477 3166 hist.
501 3129 524 3166 e.
552 3106 587 3165 11
609 3105 715 3184 (2,l2):
742 3111 768 3167 τό
787 3111 898 3185 ττριινὸν
921 3114 951 3165 δὲ
974 3115 1018 3166 καὶ
1038 3111 1152 3185 ἅμιινον
1173 3115 1234 3186 μὲν,
1258 3118 1281 3166 τί
1300 3116 1344 3166 καὶ
1363 3113 1427 3168 atiud

225 3208 494 3286 παρακολουθήσειεν.
530 3201 569 3262 24
583 3201 687 3281 (2‚33):
712 3207 739 3262 τὸ
764 3211 793 3263 δὲ
813 3211 857 3263 καὶ
876 3212 990 3281 γελοῖον,
1014 3214 1042 3262 τί
1056 3227 1097 3262 σοι
1116 3215 1174 3279 νῦν,
1198 3203 1220 3262 ei
1242 3212 1343 3281 Φίλων,
1367 3210 1427 3264 διιο-

225 3301 360 3372 λογοίμην.

305 3390 399 3449 Facile
425 3389 600 3460 adducimur,
627 3397 660 3447 ut
685 3391 845 3460 optativum
870 3390 900 3446 in
926 3389 971 3446 his
993 3389 1185 3462 suppleamus
1215 3391 1343 3461 optative
1364 3411 1427 3462 pro·

225 3497 319 3546 tuscos
341 3487 549 3546 condicionalis.
593 3485 649 3545 Sed
675 3487 831 3557 simplicius
853 3487 947 3544 estin
969 3486 1074 3545 talibus
1101 3507 1215 3558 quoque
1240 3487 1427 3546 indicativum

225 3593 283 3643 ἐστι’
301 3584 461 3644 subaudire.
558 3618 560 3622 .

305 3681 474 3752 Optativum
489 3681 550 3739 sine
564 3685 607 3752 ἄν,
627 3701 678 3751 per
692 3700 776 3751 quem
791 3679 907 3737 modum
921 3699 951 3737 re
966 3700 1032 3738 vera
1047 3689 1171 3753 optatur,
1186 3682 1274 3739 semel
1289 3683 1427 3740 omissum

224 3779 397 3838 invenimus:
427 3778 527 3849 Navig.
550 3777 588 3836 29
602 3775 727 3854 (3,267);
750 3780 804 3854 ἐγώ
823 3783 853 3834 δὲ
868 3780 1046 3856 χειροτονητὸς
1065 3781 1111 3854 ὑφ’
1131 3781 1256 3837 ἁπάντων
1272 3787 1427 3857 προκριθεὶς

224 3878 317 3953 ἄρχων
331 3876 423 3946 suppl.
439 3886 503 3946 εἴην.
539 3875 648 3934 Antea:
674 3884 738 3932 αἰτῶ
749 3876 873 3949 βασιλεδς
885 3885 1013 3949 γενέσθαι
1028 3882 1058 3933 et
1071 3877 1139 3932 citit
1157 3899 1204 3953 μοι
1219 3879 1246 3933 rt
1260 3885 1361 3954 πρῶτον
1373 3879 1426 3934 dud

224 3977 344 4047 λῃστείας
362 3976 501 4052 ἀρξαμένῳ
520 3978 678 4051 ἑταῖρονκαὶ
698 3974 848 4048 συνωμόται
866 3973 927 4028 ὅσον
945 3973 1091 4048 τριάκοντα,
1109 3978 1194 4028 πιστοὶ
1212 3975 1286 4049 μάλα
1304 3979 1348 4030 καὶ
1366 3975 1426 4052 ποῦ-

224 4078 311 4146 θνμοι
328 4079 508 4143 γινέσθωσαν.
539 4068 577 4127 cf.
599 4067 647 4125 Du
668 4067 782 4137 Mesnss,
804 4066 822 4124 l.
845 4086 868 4124 c.

686 4231 772 4298 ἔστω
797 4229 963 4322 omissum.

304 4371 495 4441 Imperativus
516 4379 580 4430 ἔστω
601 4368 658 4445 (vel
679 4371 806 4448 ἔστωσαν)
828 4392 864 4429 ex
882 4369 1068 4428 antecedente
1090 4371 1257 4442 imperativo
1272 4371 1427 4441 requiritur

224 4469 253 4526 in
278 4467 351 4526 Tim.
380 4464 419 4524 42
447 4465 644 4545 (1‚154l155):
677 4473 802 4547 δεδόχθω
826 4475 856 4526 δὲ
878 4478 957 4526 ταῦτα
982 4475 1026 4526 καὶ
1050 4471 1271 4547 νενομοθετήσθω
1294 4472 1359 4550 πρὸς
1380 4471 1428 4528 τδν
