3204 5126
537 1479 1009 1583 PRAEFATIO.-

656 1739 868 1760 -ι-Η-ομ

162 2001 283 2202 De
304 2033 437 2104 ellipseos
458 2051 512 2090 asu
526 2031 670 2090 Lucianeo
691 2032 839 2103 scripturis
861 2032 959 2090 statim
977 2029 1058 2090 nobis
1073 2031 1190 2091 obvenit
1210 2034 1365 2092 necessitas

287 2129 449 2200 definiendi,
472 2129 540 2200 quid
562 2130 677 2187 omnino
698 2128 806 2200 ellipsis
828 2130 873 2187 sit.
917 2128 1000 2200 Quod
1022 2130 1046 2187 si
1067 2130 1239 2200 quaerimus,
1269 2129 1364 2188 lacere

161 2248 220 2285 non
241 2245 407 2306 possumus,¹
432 2227 500 2296 quin
529 2225 614 2297 paulo
635 2226 729 2284 fusius
751 2233 837 2296 atque
865 2226 987 2297 amplius
1015 2223 1204 2297 disputemus,
1233 2226 1301 2297 quid
1329 2226 1365 2284 de

160 2345 195 2382 ea
216 2343 246 2382 re
267 2324 337 2381 satis
358 2321 574 2381 difficultatibus
595 2323 727 2380 intricata
748 2322 801 2381 viri
822 2321 899 2380 docti
920 2322 1013 2380 adhuc
1033 2320 1233 2393 judicaverint.

243 2420 290 2491 Ili,
319 2420 367 2490 qui
396 2427 462 2478 ante
484 2417 683 2479 Godofredum
704 2417 902 2477 Hermannum
928 2419 963 2477 de
992 2419 1084 2491 ellipsi
1110 2439 1198 2490 quum
1224 2421 1364 2491 universa,

162 2527 225 2576 tum
253 2516 362 2589 graeca,
391 2523 519 2588 egerunt,
548 2535 725 2586 quorumque
751 2515 810 2574 dux
835 2515 868 2576 L.
890 2515 994 2574 Bosius
1020 2516 1226 2574 existimandus
1253 2526 1306 2588 est,
1332 2535 1366 2574 ea

164 2616 347 2686 potissimum
367 2614 477 2672 ratione
499 2613 578 2670 ducti
599 2620 676 2683 sunt,
697 2620 731 2670 ut
751 2613 864 2684 ellipsin
885 2612 925 2672 ibi
938 2613 1030 2670 teneri
1051 2621 1195 2685 putarent,
1217 2614 1265 2673 ubi
1286 2633 1366 2672 voca-

162 2712 262 2771 bulum
291 2710 434 2781 quoddam
462 2711 599 2768 omissum
627 2709 820 2781 inveniebant,
849 2709 925 2780 quod
952 2709 1020 2768 alibi
1046 2710 1214 2781 pleramque
1235 2710 1365 2768 additum

162 2808 307 2868 videbant.
349 2806 396 2864 le
424 2827 480 2877 qua
508 2806 543 2864 de
571 2806 703 2877 ellipseos
731 2815 833 2864 natura
860 2806 1003 2865 sententia
1029 2807 1129 2879 ingens
1157 2807 1205 2865 ille
1230 2825 1365 2865 numerus

162 2905 306 2976 ellipsium
335 2912 414 2962 ortus
443 2911 496 2974 est,
525 2923 610 2974 quem
638 2904 668 2961 in
695 2903 774 2962 Bosii
802 2902 905 2962 librum
935 2911 1100 2975 congestum
1130 2923 1192 2962 esse
1219 2906 1363 2962 miramur.

162 3001 231 3060 Jam
247 3001 400 3059 Leisnerus
420 3001 450 3057 iu
465 3001 653 3071 praefatione,
675 3020 747 3070 quae
761 2983 886 3058 Basiano
907 3000 979 3059 libro
999 3002 1155 3071 praemissa
1169 3009 1222 3072 est,
1243 3002 1365 3072 monuit,

162 3097 251 3169 illam,
279 3097 314 3155 de
335 3117 391 3168 qua
412 3097 546 3167 diximus,
568 3099 706 3156 rationem
729 3117 785 3155 non
806 3103 913 3154 rectam
935 3117 1006 3168 esse,
1035 3098 1085 3156 sed
1106 3099 1215 3169 primus
1236 3095 1272 3157 G.
1294 3096 1366 3156 Her-

162 3213 286 3252 mannus
314 3214 371 3252 non
399 3193 491 3252 solum
519 3213 581 3253 eam
610 3194 694 3251 nimis
722 3213 822 3265 vagam
850 3213 912 3252 esse
938 3193 1044 3265 docuit,
1073 3194 1123 3254 sed
1150 3195 1236 3252 etiam
1258 3203 1365 3252 certam

163 3291 291 3363 regulam
319 3291 430 3361 statuit,
460 3310 515 3361 qua
542 3290 719 3349 metiendum
748 3299 832 3362 esset,
861 3299 957 3349 utram
979 3291 1148 3350 vocabulum
1174 3311 1225 3362 per
1252 3291 1365 3362 ellipsin

163 3388 278 3446 deesset
299 3407 396 3445 necne.
429 3386 568 3458 Regulam
583 3407 650 3445 vero
670 3387 748 3445 illam
763 3387 916 3458 petendam
931 3407 993 3446 esse
1008 3408 1045 3446 ex
1065 3388 1257 3460 grammatica,
1279 3405 1364 3458 quam

164 3484 243 3555 dicit,
264 3484 438 3555 integritate.
471 3482 545 3554 Quia
566 3484 641 3542 enim
663 3485 844 3542 enuntiatum
865 3485 1075 3555 simplicissima
1095 3493 1172 3544 esset
1186 3485 1366 3556 cogitationis

164 3581 298 3652 formula,
320 3600 377 3651 qua
397 3581 482 3652 plena
501 3581 643 3638 sententia
657 3581 873 3652 exprimeretur,
895 3582 1103 3652 tantummode,
1126 3581 1305 3640 sieuuntiati
1326 3581 1366 3638 in-

164 3679 282 3749 tegritas
310 3678 386 3736 laesa
412 3685 496 3747 esset,
522 3680 587 3748 jure
608 3677 664 3736 dici
685 3697 768 3749 posse
790 3677 906 3749 aliquid,
933 3678 1009 3749 quod
1034 3677 1257 3749 intellegendum
1279 3685 1364 3746 esset,

165 3774 264 3832 deesse
285 3793 318 3834 ac
339 3774 501 3832 desiderari.
544 3773 608 3832 Hac
635 3783 732 3833 mente
760 3775 954 3833 definitionem
975 3775 1053 3833 illam
1076 3775 1193 3834 statuit:
1225 3771 1365 3844 «Elllipsis

165 3879 211 3928 est
231 3871 346 3929 omissio
366 3870 506 3941 vocabuli,
527 3870 604 3941 quod
625 3871 679 3929 etsi
701 3891 757 3929 non
778 3872 896 3943 dictum,
918 3880 1014 3931 tamen
1036 3873 1203 3944 cogitatur.»

245 3967 302 4026 Sed
323 3987 359 4025 ne
379 3967 446 4025 huie
468 3967 582 4038 quidem
597 3966 755 4026 definitioni
770 3969 934 4040 defuerant,
957 3971 1006 4040 qui
1027 3968 1261 4027 contradicerent.
1284 3966 1367 4025 Vitu-

166 4065 277 4135 peravit
297 4083 359 4122 eam
387 4065 495 4136 primus
516 4064 727 4136 Bernhardyus,
756 4066 833 4136 quod
861 4086 917 4124 non
946 4067 1016 4124 satis
1037 4065 1172 4124 distincta
1199 4072 1276 4121 essct
1303 4063 1367 4121 lice-

166 4168 266 4230 retque
288 4181 339 4232 per
359 4181 422 4220 eam
443 4160 497 4219 alia
517 4161 666 4220 brevitatis
687 4182 790 4233 genera
805 4163 880 4222 velut
905 4162 1085 4233 aposiopesin
1106 4170 1137 4220 et
1156 4159 1366 4230 brachylogiam

167 4277 231 4315 cum
252 4278 319 4316 vera
339 4258 432 4329 ellipsi
457 4257 604 4316 confundi.
647 4257 737 4317 Simul
763 4268 859 4318 autem
887 4257 1058 4316 rhetoricam
1079 4259 1218 4316 rationem
1240 4276 1303 4314 eam
1324 4259 1368 4326 ju·

167 4353 281 4426 dicavit,
302 4374 339 4412 ex
359 4374 416 4425 qua
437 4355 569 4427 ellipseos
583 4355 627 4413 vis
648 4374 680 4413 ae
701 4365 803 4414 natura
824 4354 992 4428 explicanda
1013 4365 1098 4414 esset.
1133 4351 1368 4412 Distribuendam

167 4470 234 4509 vero
261 4471 324 4510 esse
352 4453 412 4510 eins
440 4453 584 4523 regionem
612 4453 641 4509 in
667 4453 722 4510 tria
742 4472 858 4524 genera:
888 4451 1001 4522 ellipsin
1022 4451 1246 4524 grammaticam,
1274 4449 1368 4508 rheto-

168 4547 263 4619 ricam,
285 4549 459 4620 popularem.

1196 4677 1207 4736 .1
