3204 5126
769 335 928 399 ..18..

325 538 390 598 Sive
412 540 437 598 si
456 540 597 597 rationem
619 538 654 596 ad
677 536 703 596 1.
725 538 891 596 referimus:

469 643 509 696 De
528 643 587 696 hist.
608 659 720 695 consor:
739 640 801 709 4‚62
1009 647 1020 693 1

468 731 514 783 Bis
533 748 587 784 acc.
714 749 720 784 :
739 729 801 797 292
1009 735 1032 782 1.

468 819 536 872 Dial.
557 819 626 871 deor.
714 837 720 871 ε
740 818 801 885 1,40
1009 821 1032 870 1.

1010 909 1022 957 1

503 926 513 953 a
562 924 625 958 mar.
714 906 801 974 :200
1027 947 1032 958 .

502 1015 513 1042 a
561 1001 636 1047 mort.
713 993 799 1062 :207
1009 997 1031 1046 1.

243 1098 386 1172 Copula
413 1101 501 1172 igitur
531 1106 590 1159 ἐστι’
618 1099 694 1171 apud
722 1098 879 1158 Lucianum
911 1100 1029 1158 multo
1062 1100 1215 1172 saepius
1247 1101 1449 1160 omittitur

242 1218 348 1269 quum
374 1199 536 1270 ponitur.

322 1311 357 1369 In
377 1312 491 1370 illorum
512 1317 609 1368 autem
629 1319 759 1370 veterum
781 1311 903 1382 seriptis,
926 1331 998 1382 quae
1019 1314 1079 1382 jam
1101 1330 1187 1382 supra
1208 1331 1273 1370 cum
1293 1311 1447 1370 Lucianeis

241 1410 475 1481 comparavimus,
497 1408 572 1466 inter
593 1414 652 1466 ἐστι’
669 1408 795 1478 positum
817 1414 847 1465 et
868 1409 1005 1466 omissum
1025 1409 1096 1466 haec
1117 1408 1270 1468 exhibetur
1290 1409 1376 1466 ratio:

463 1513 564 1580 Copula
582 1511 641 1562 ἐστι’
657 1512 752 1566 omissa
770 1519 810 1564 est
942 1512 1028 1580 posita
1046 1520 1085 1565 est

498 1601 571 1653 Thuc
590 1600 634 1652 lib.
654 1600 675 1652 I.
701 1618 707 1652 :
728 1603 770 1652 51.
997 1603 1038 1652 28.

497 1689 565 1741 Plat.
585 1687 706 1740 conviv.:
727 1689 769 1739 98,
980 1693 1038 1740 119,

496 1777 570 1829 Dem.
591 1776 623 1829 de
642 1794 706 1829 con:
727 1778 769 1828 44.
887 1711 890 1844 l
970 1771 972 1775 ¹
997 1779 1038 1828 54.

320 1883 386 1942 Sive
407 1883 432 1941 si
452 1883 592 1941 rationem
613 1881 649 1939 ad
671 1880 698 1939 1.
720 1880 887 1938 referimus:

496 1986 570 2039 Thuc
587 1985 632 2038 lib.
652 1986 673 2038 I.
699 1984 786 2053 :1‚82
885 1986 888 2105 l
1005 1990 1028 2037 1.

495 2074 563 2127 Plat.
584 2073 704 2126 conuiu:
724 2074 785 2141 0,82
1005 2077 1028 2126 1.

495 2163 570 2215 Dem.
590 2161 622 2214 de
640 2179 704 2215 cor:
724 2159 783 2229 0‚81
885 2111 888 2230 l
1005 2166 1028 2213 1.

318 2266 365 2324 Ex
386 2267 488 2338 quibus
510 2267 652 2338 colligitur
677 2268 764 2325 etiam
792 2266 984 2325 differentiam
1011 2267 1087 2324 inter
1113 2267 1235 2338 positam
1257 2273 1287 2324 et
1308 2266 1443 2324 omissam

240 2365 370 2436 copulam
392 2372 452 2424 ἐστί
474 2364 550 2436 apud
570 2364 728 2422 Lucianum
750 2363 895 2434 aliquanto
916 2365 1052 2422 maiorem
1073 2383 1145 2435 esse,
1174 2383 1260 2433 quam
1280 2362 1356 2434 apud
1377 2363 1443 2421 illos

238 2469 358 2521 veteres.
401 2461 495 2520 Multo
522 2462 613 2519 maior·
633 2469 678 2518 est
703 2461 734 2518 iu
762 2460 841 2518 libris
862 2459 906 2518 De
931 2461 999 2518 hist.
1027 2480 1145 2532 consor,
1166 2459 1217 2518 Bis
1239 2479 1306 2531 acc,
1327 2459 1440 2531 Dialog.

238 2567 332 2630 mort,
360 2579 440 2630 mar,
469 2558 561 2615 minor
586 2558 616 2615 in
637 2557 703 2616 Dial
724 2557 800 2616 deor.
843 2556 955 2615 Horum
977 2577 1015 2616 sc.
1037 2556 1111 2614 Dial.
1139 2557 1215 2616 deor.
1237 2557 1310 2615 ratio
1331 2556 1443 2628 Thucy·

237 2656 311 2714 didis
325 2655 388 2714 fere
403 2675 454 2726 par
467 2663 521 2725 est,
543 2655 572 2712 in
594 2675 627 2712 eo
642 2662 737 2712 autern
760 2654 843 2725 longe
858 2653 962 2725 dispar,
985 2654 1061 2725 quod
1075 2662 1105 2712 et
1119 2655 1244 2726 positum
1260 2662 1289 2712 et
1303 2655 1441 2713 omissum

237 2759 296 2812 ἐστι’
314 2752 389 2825 apud
410 2751 606 2822 Thucydidem
627 2751 718 2809 multo
739 2753 829 2809 rarius
851 2759 895 2809 est
916 2771 1000 2821 quarn
1022 2753 1052 2809 in
1073 2751 1191 2809 Luciani
1212 2749 1286 2808 Dial.
1309 2750 1385 2810 deor.

317 2849 447 2907 Haecin
468 2849 632 2907 universum
654 2847 689 2905 de
710 2849 873 2919 frequentia
891 2848 1023 2920 ellipscos
1038 2849 1156 2920 copulae
1177 2855 1240 2908 ἐστί.
1272 2848 1441 2906 Proximum

237 2955 290 3018 est,
312 2954 345 3004 ut
366 2953 535 3017 exponatur,
557 2964 629 3015 quae
649 2945 723 3003 ratio
738 2945 870 3016 ellipseos
893 2957 953 3010 ἐστι’
970 2947 999 3003 in
1021 2946 1148 3017 singulis,
1171 2965 1242 3016 quae
1257 2946 1440 3017 contulimus

237 3043 350 3114 scriptis
365 3042 515 3100 Lucianeis
536 3043 583 3112 sit,
606 3041 708 3112 quibus
729 3043 759 3099 in
780 3042 998 3100 enuntiatis
1024 3043 1122 3113 magis,
1145 3042 1247 3112 quibus
1268 3043 1363 3099 minus
1384 3042 1441 3101 fre-

237 3160 326 3211 quens
348 3141 386 3198 sit
406 3140 485 3197 etin
507 3138 609 3209 quibus
631 3138 845 3197 nominibus
867 3147 927 3201 ἐστί
945 3140 1109 3210 saepissime
1130 3139 1229 3198 abesse
1250 3138 1349 3197 soleat.

371 3321 381 3358 z
438 3293 494 3360 De
519 3292 646 3376 ellipsi
670 3293 835 3376 copulae
859 3294 932 3362 ἐστὶ
954 3295 994 3360 in
1018 3293 1240 3359 enuntiatis.

554 3422 585 3510 2)
619 3423 656 3514 in
679 3424 862 3488 enuntiatis
886 3425 1119 3508 primariis.

281 3547 284 3556 ’
314 3547 359 3607 De
380 3547 544 3619 frequentia
566 3547 697 3618 ellipseos
719 3547 835 3606 voculae
858 3560 924 3620 ἐστί,
946 3567 1018 3617 quac
1040 3548 1078 3605 sit
1098 3549 1127 3606 in
1148 3547 1193 3605 his
1208 3548 1253 3606 vel
1274 3549 1330 3606 illis
1351 3567 1439 3606 cnun-

235 3648 314 3705 tiatis
335 3647 459 3717 primum
474 3644 625 3703 dicendum
646 3652 699 3714 cst,
722 3663 783 3702 eam
805 3644 897 3702 multo
918 3646 1054 3703 maiorem
1076 3665 1137 3702 esse
1159 3646 1188 3702 in
1210 3645 1365 3703 enuntiatis
1384 3647 1439 3717 pri·

235 3744 331 3803 mariis
359 3740 409 3818 (sc.
436 3742 610 3800 affirmativis
632 3741 759 3811 exceptis
787 3740 1009 3816 interrogativis)
1038 3761 1123 3812 quarn
1151 3742 1332 3801 secundariis
1380 3743 1440 3801 Nu·

234 3861 329 3899 merus
351 3839 494 3910 ellipsium
514 3839 544 3895 in
565 3837 621 3895 illis
643 3845 701 3894 est:
725 3834 793 3908 237,
815 3838 844 3894 in
865 3838 910 3895 his
932 3835 979 3896 58.

316 3935 381 4006 Quo
402 3935 521 4006 accedit,
544 3924 620 4004 quod
641 3933 804 3992 differentia
825 3935 900 3992 inter
920 3954 1070 3992 numerum
1092 3935 1261 3994 omissorum
1283 3943 1312 3992 et
1333 3937 1439 4006 posite·

233 4056 297 4093 rum
320 4046 380 4099 ἐστι’
398 4033 488 4090 maior
508 4039 553 4088 est
573 4032 602 4088 in
624 4031 764 4101 primariis
786 4051 871 4100 quam
892 4032 922 4088 in
943 4031 1116 4089 secundanis
1138 4032 1301 4090 enuntiatis.

456 4136 556 4204 Copula
575 4139 634 4192 ἐστι’
650 4135 745 4188 omissa
763 4142 803 4186 est
880 4133 883 4249 J
935 4135 1021 4203 posita
1039 4141 1077 4187 cst

461 4225 488 4276 in
507 4231 592 4276 enunt.
613 4223 687 4291 prim.
708 4224 768 4274 237.
991 4222 1032 4276 77.

538 4331 548 4358 i
612 4328 662 4363 sec.
725 4313 767 4362 58.
879 4256 883 4374 i
990 4313 1032 4362 43.

312 4414 397 4473 Unde
418 4416 596 4487 intelligitur,
624 4417 652 4473 in
675 4416 830 4474 enuntiatis
852 4415 992 4486 primariis
1014 4436 1163 4474 numerum
1190 4417 1358 4474 omissorum
1380 4422 1441 4475 ἐστι’

234 4531 322 4583 paene
344 4511 448 4580 triplo
474 4515 640 4582 majorem
661 4532 723 4570 esse
745 4533 831 4582 quam
852 4513 1020 4584 positorum,
1046 4513 1075 4570 in
1097 4512 1270 4571 secundariis
1296 4513 1367 4570 haec
1388 4512 1438 4571 illa
