3204 5126
668 362 827 422 -21-

502 562 535 632 d)
559 563 589 620 in
611 562 766 620 enuntiatis
787 561 996 632 comparativis.

226 693 329 764 Neque
351 693 444 750 minus
465 693 495 750 in
517 693 673 751 enuntiatis
695 691 894 762 comparativis
920 691 955 750 ab
977 696 1012 756 ὥς
1029 691 1231 763 incipientibus
1253 691 1351 748 Lucia-

136 811 199 848 nus
221 790 356 861 ellipseos
377 810 474 848 amans
489 790 603 849 videtur
623 809 694 861 esse,
717 788 856 860 siquidem
871 808 907 846 cx
921 808 1009 859 parvo
1023 788 1218 859 exemplorum
1233 808 1350 846 numero

136 887 278 946 concludi
300 895 404 958 potest.
448 885 554 945 Omisit
575 887 650 947 euim
674 907 680 944 :
703 883 737 958 6,
760 885 884 958 posuit:
911 883 943 942 l.

309 1032 378 1105 Oop.
401 1034 506 1091 omissa
526 1041 583 1091 est:
1173 1090 1175 1094 ,

136 1148 221 1206 Dial.
244 1147 314 1205 deor
335 1145 382 1218 30,
402 1143 420 1206 5
442 1145 483 1221 (1,
503 1144 587 1222 257);
610 1150 646 1212 ώς
664 1154 749 1222 λόγος.
777 1145 852 1204 Dial.
874 1166 943 1203 mar.
967 1144 1030 1216 3,1
1054 1143 1095 1220 (1,
1115 1141 1198 1220 295);
1225 1149 1261 1210 ὥς
1278 1154 1352 1219 ἔθος,

138 1244 193 1315 11,
215 1244 234 1302 2
256 1242 356 1320 (318);
379 1248 414 1309 ὠς
433 1251 510 1308 εἰκός.
557 1243 607 1301 Bis
633 1263 690 1302 aco.
718 1241 755 1301 12
782 1241 822 1317 (2,
842 1241 929 1319 806);
956 1246 1047 1324 ὥσπερ
1070 1249 1159 1321 νόμος,
1185 1240 1224 1300 33
1250 1239 1349 1317 (832);

137 1347 180 1408 ὥς
199 1349 292 1420 νόμος,
315 1339 353 1398 34
374 1338 473 1416 (835);
496 1345 531 1406 ὥς
550 1344 672 1418 δύναμις.

310 1486 379 1560 (lup.
402 1489 495 1559 posita
516 1495 572 1544 est:

138 1602 222 1660 Dial.
244 1609 329 1660 mort.
352 1599 415 1672 6,3
436 1599 476 1675 (1,
493 1597 576 1676 351);
599 1604 690 1679 ὥσπερ
708 1607 763 1658 ἐστὶ
783 1608 896 1660 δίκαιον.

227 1698 272 1756 De
294 1699 395 1757 ceteris
417 1699 572 1756 enuntiatis
594 1697 776 1768 secundatis,
798 1698 827 1754 in
850 1696 952 1768 quibus
974 1697 1074 1756 vocula
1095 1704 1154 1756 ἐστι·
1173 1706 1223 1754 aut
1244 1695 1351 1754 deside·

139 1804 228 1853 ratur
242 1803 293 1852 aut
308 1803 419 1853 exstare
435 1815 496 1852 eam
513 1794 724 1854 observavimus
739 1813 777 1853 sc.
793 1794 981 1865 explicatius,
997 1794 1165 1865 causalibus,
1181 1793 1351 1852 concessivis

140 1894 218 1950 certi
239 1891 311 1950 nihil
333 1893 420 1950 statui
448 1899 545 1963 potest
570 1900 687 1962 propter
708 1892 880 1962 paucitatem
907 1891 1112 1963 exemplorum,
1139 1911 1260 1962 quo1um
1286 1910 1351 1961 pars

140 1990 261 2060 ellipsin
283 1989 409 2060 exhibet,
431 2009 496 2060 pars
517 2009 574 2046 non
595 1988 690 2047 habet.
723 2009 749 2046 v.
772 1987 916 2059 exempla:

478 2172 506 2238 e)
529 2169 559 2226 in
581 2169 736 2226 enuntiatis
758 2167 936 2239 explicativis
957 2173 1023 2244 (ὅτι).

309 2297 379 2370 Cop.
402 2298 507 2357 omissa
527 2307 583 2356 est:

134 2413 222 2470 'Dial
240 2412 316 2470 door.
332 2411 380 2483 25,
396 2411 414 2469 2
429 2409 521 2488 (483).
557 2411 602 2470 Dc
616 2411 683 2470 hist.
700 2432 807 2470 consor.
825 2409 860 2469 11
877 2409 918 2486 (2,
935 2410 993 2489 14).
1025 2412 1076 2471 Bis
1090 2433 1147 2471 aco.
1165 2411 1202 2470 16
1218 2410 1258 2487 (2,
1270 2408 1351 2488 810).

143 2507 174 2588 [3
197 2505 348 2587 exemplal.
713 2529 715 2534 ’

309 2655 379 2728 Oop.
402 2657 495 2728 posita
516 2665 573 2714 cst:

142 2770 223 2827 Dial.
240 2770 316 2828 deor.
332 2768 380 2840 21,
397 2769 412 2827 1
435 2768 474 2844 (1,
491 2768 570 2845 268).
603 2767 677 2827 Dial.
693 2790 762 2827 mar.
779 2769 807 2840 2,
822 2767 841 2826 4
861 2767 952 2846 (294).
985 2769 1060 2828 Dial.
1075 2777 1159 2827 mort.
1177 2767 1204 2839 1,
1220 2766 1238 2826 3
1258 2764 1351 2845 (334).

142 2868 192 2925 De
213 2867 282 2924 hist.
306 2887 412 2932 consor.
436 2865 474 2924 14
496 2863 611 2943 (2,19).
655 2863 683 2944 [4
704 2862 853 2943 exemplal.

470 3039 508 3110 f)
532 3039 562 3096 in
583 3039 738 3097 enuntiatis
760 3038 938 3110 explicativis
959 3043 1023 3114 (ὠς).

309 3167 379 3239 Gop.
402 3169 506 3226 omissa
522 3177 584 3227 est:

143 3282 225 3342 Dial.
247 3290 330 3340 mort.
355 3281 435 3354 15,2
457 3280 498 3358 (1,
513 3281 593 3359 400).
635 3282 679 3340 De
700 3283 768 3341 hist.
791 3303 898 3340 consor.
921 3281 940 3340 9
962 3280 1002 3357 (2,
1019 3281 1077 3358 11).
1146 3279 1148 3284 ’

310 3411 379 3484 Oop.
402 3414 495 3484 posita
516 3422 573 3472 est:

143 3527 193 3586 Dc
215 3526 282 3584 hist.
305 3547 411 3586 consor.
433 3524 452 3585 5
474 3524 514 3601 (2,
529 3524 570 3602 7),
592 3524 631 3584 23
652 3523 739 3602 (32)..

467 3701 498 3773 p)
523 3699 553 3756 in
574 3698 729 3756 enuntiatis
751 3697 910 3756 causalibus
931 3706 1020 3774 (ἐπεί).

309 3836 378 3908 Oop.
402 3838 506 3895 omissa
527 3845 584 3896 est:

145 3966 223 4025 Dial.
245 3966 321 4025 deor.
344 3966 382 4025 26
404 3965 444 4042 (1,
467 3966 547 4044 281),
589 3968 640 4026 Bis
660 3987 717 4026 acc.
742 3965 779 4024 15
801 3963 841 4040 (2,
856 3964 937 4044 810).

309 4111 378 4185 Oop.
401 4115 494 4185 posita
515 4123 571 4173 est:
593 4135 741 4186 nusquam.

450 4294 483 4364 lt)
507 4295 537 4353 in
558 4294 714 4354 enuntiatis
736 4297 905 4354 concessivis
927 4301 962 4370 (εἰ
979 4303 1049 4370 καί).

308 4422 378 4494 Gon.
401 4425 505 4482 omissa
526 4433 583 4483 est:

143 4537 197 4596 Bis
219 4555 277 4593 aco.
300 4535 338 4594 14
359 4535 399 4612 (2,
417 4537 498 4614 808).
