3204 5126
666 335 860 396 -13-‘

144 537 290 608 adjectiva
315 535 558 594 substantivorum
584 535 744 605 1111111111,
771 535 867 604 itaque
893 534 1018 605 subjecti
1043 535 1205 605 funguntur
1232 556 1349 594 munere

144 654 187 690 sc.
209 635 323 703 ineam,
346 653 430 702 quam
451 630 514 702 p.8
534 631 730 702 indicavimus,
753 631 933 688 sententiam.
970 630 1026 689 Sed
1041 632 1127 689 etiarn
1142 631 1349 703 adjectivorum

144 751 206 788 non
219 751 307 800 pauca
322 750 338 786 a
352 730 418 788 viris
433 729 524 787 doctis
539 729 599 786 sine
615 749 699 786 causa
713 727 873 786 desiderata
887 737 963 786 sunt.
989 728 1079 786 Velut
1095 729 1167 786 tales
1182 729 1349 800 locutiones

144 828 245 898 quales
266 831 279 884 6
299 832 385 900 ἔνδον,
404 831 417 884 6
437 829 520 884 πάλαι
541 825 739 896 explicatione,
767 845 838 896 quae
860 845 911 894 per
932 825 1044 895 ellipsin
1065 826 1107 896 fit,
1130 846 1186 884 non
1211 825 1348 898 indigent.

145 925 280 983 Dubitari
300 943 367 982 vero
388 931 493 994 potest,
515 943 583 980 num
604 927 618 981 6
637 926 708 981 πάνυ
729 923 769 980 eis
791 921 1008 980 adscribendum
1030 923 1075 979 sit.

147 1079 173 1154 or
196 1079 306 1154 ncivv:

228 1207 330 1266 Bosius
357 1205 395 1282 (p.
417 1205 487 1282 380)
504 1211 668 1287 περιβόητος,
689 1206 822 1278 Zeunius,
849 1206 925 1276 quod
951 1207 1021 1266 haec
1046 1228 1102 1266 vox
1127 1209 1156 1265 in
1181 1181 1351 1266 deteriorem

147 1313 258 1376 partem
283 1305 468 1375 acciperetur,
494 1312 668 1384 περίβλεπτος,
690 1304 749 1362 sive
770 1311 875 1370 ἔνδοξος
896 1302 932 1361 ad
953 1308 966 1362 6
985 1307 1056 1362 πάνυ
1077 1304 1268 1375 supplendum
1289 1325 1351 1362 esso

147 1409 328 1460 censuerunt.
371 1401 542 1459 Schaeferus
564 1409 660 1458 autom
681 1400 717 1457 ad
738 1400 805 1458 Bos
828 1401 900 1470 1.1.,
929 1402 953 1458 si
974 1403 1038 1471 quis
1060 1402 1130 1459 nihil
1152 1422 1267 1473 prorsus
1289 1402 1352 1460 sub·

147 1497 320 1556 audiendum
342 1505 479 1568 censeret,
501 1519 531 1556 se
554 1496 668 1568 quidem
690 1517 847 1567 repugnare
868 1498 918 1555 vix
939 1498 1042 1556 audere
1064 1498 1146 1556 dixit.
1183 1497 1246 1568 Qua
1260 1499 1352 1556 sentia

147 1596 266 1666 probata
283 1595 467 1652 Hermannus
489 1615 601 1665 quoque
623 1599 636 1652 6
656 1597 727 1653 πάνυ
748 1593 872 1664 elliptice
893 1594 1002 1652 dictum
1018 1615 1079 1654 esse
1094 1597 1217 1667 negavit,
1239 1593 1350 1670 (Herm.

148 1692 183 1750 de
210 1692 254 1750 111.
281 1700 311 1750 11
337 1692 492 1762 pleonasm.
519 1711 616 1763 opusc.
643 1712 670 1762 p.
695 1688 765 1766 164)
792 1690 868 1760 quod
894 1691 929 1748 ad
955 1692 1050 1762 ipsum
1076 1692 1146 1751 illud
1168 1713 1281 1764 nomen,
1307 1693 1352 1750 cui

148 1789 276 1846 additum
309 1798 398 1860 essct,
431 1797 581 1860 spectaret.
637 1787 791 1858 «Etenim,
822 1789 929 1858 inquit,
961 1793 975 1846 6
999 1792 1070 1847 πάνυ
1093 1796 1225 1869 Περικλῆς
1256 1788 1351 1864 (Χ111.

148 1886 266 1944 Memor.
287 1885 346 1956 ΠΙ,
368 1883 396 1944 5.
419 1893 464 1944 est
484 1887 517 1956 is,
540 1887 588 1956 qui
609 1906 639 1943 re
660 1905 727 1942 vera
747 1905 780 1942 ac
801 1885 884 1955 plano
903 1884 1028 1944 Pericles
1050 1893 1103 1943 est.
1126 1887 1144 1943 1.
1167 1907 1190 1944 e.
1213 1887 1352 1958 genuinus

149 1983 272 2041 Pericles
294 2003 351 2040 non
372 1983 485 2053 spurius
507 1984 657 2053 quisquam
679 2001 768 2052 eoque
788 1982 901 2039 nomine
922 1980 1064 2054 indignus,
1087 2002 1123 2040 ex
1144 2003 1200 2054 quo
1222 1991 1352 2054 apertum

150 2089 249 2138 estne
270 2099 355 2151 posse
377 2079 492 2149 quidem
517 2080 564 2137 1111
590 2079 765 2149 adjectivum
786 2077 940 2149 intellegi.»
985 2078 1053 2138 Jam
1075 2081 1229 2151 quaeritur,
1256 2087 1352 2138 utrum

150 2197 180 2234 re
201 2198 266 2235 vera
286 2181 301 2236 6
319 2180 390 2236 πάνυ
411 2176 441 2234 id
462 2176 538 2246 quod
559 2176 743 2234 Hermannus
765 2182 862 2232 censet
883 2175 1040 2246 significare
1061 2178 1271 2247 possitneque.

228 2275 273 2332 Ac
294 2276 419 2346 primum
440 2273 554 2344 quidem
576 2294 633 2331 non
654 2272 737 2342 plane
759 2273 788 2328 in
810 2271 909 2329 eodem
931 2292 1049 2331 numero
1063 2273 1227 2332 habendum
1249 2281 1302 2345 est,
1323 2275 1352 2332 in

149 2391 207 2442 quo
227 2375 341 2444 ὁένδον,
360 2373 469 2430 ὁπάλοο
491 2380 520 2428 11
540 2370 603 2428 alia.
639 2369 713 2427 Nam
735 2377 813 2427 ἔνδον
827 2376 857 2426 11
870 2372 962 2441 πάλαι,
983 2370 1116 2430 adverbia
1130 2370 1184 2429 loci
1199 2379 1229 2428 11
1245 2379 1354 2442 tempo-

148 2469 189 2526 ris
210 2468 322 2526 facilius
344 2488 408 2525 cum
430 2467 548 2526 articulo
570 2470 725 2537 conjuncta
746 2485 797 2536 per
818 2485 847 2523 se
869 2465 929 2524 sola
953 2468 1021 2538 poni
1042 2476 1171 2538 possunt.
1207 2467 1246 2526 Vi
1271 2467 1354 2526 locali

149 2575 181 2623 et
201 2564 360 2636 temporali,
382 2585 454 2635 quae
474 2565 504 2621 in
519 2565 559 2622 eis
574 2573 628 2634 est,
649 2582 694 2620 res
714 2563 809 2633 aliqua
829 2571 888 2620 tam
911 2563 984 2620 clare
1006 2571 1036 2621 ct
1057 2572 1133 2622 certe
1155 2564 1298 2636 definitur,
1320 2574 1354 2623 ut

149 2663 211 2720 sine
230 2663 289 2720 ulla
310 2661 476 2719 difficultate
498 2661 640 2720 sententia
660 2660 803 2730 loquentis
825 2661 1019 2731 perspiciatur.
1060 2660 1126 2719 Non
1147 2660 1247 2719 ecdem
1269 2661 1353 2720 modo

149 2779 195 2817 res
216 2759 355 2818 sehabet
378 2759 407 2816 in
428 2779 497 2816 voce
517 2761 596 2831 πάνυ,
623 2756 699 2827 quod
725 2757 890 2816 adverbium
916 2757 1061 2842 qualitatis
1088 2767 1133 2816 est
1157 2758 1278 2829 ideoque
1304 2779 1355 2829 per

150 2876 181 2914 se
202 2857 374 2914 sententiam
395 2875 452 2913 non
473 2857 542 2913 satis
557 2855 690 2925 declarat,
713 2854 763 2912 scd
778 2855 832 2911 nisi
847 2875 911 2912 eum
926 2853 1022 2925 verbo,
1044 2853 1197 2926 adjectivo,
1221 2855 1353 2914 adverbio

150 2956 337 3023 conjunctum
366 2973 417 3010 suo
445 2972 562 3009 munere
589 2952 672 3022 fungi
701 2971 758 3008 non
786 2959 891 3022 potest,
924 2971 962 3009 sc.
995 2960 1028 3008 ut
1060 2972 1203 3009 summum
1235 2951 1355 3022 gradum

150 3051 269 3108 actionis
291 3057 341 3106 aut
362 3048 497 3119 adjectivi
520 3056 569 3106 aut
595 3049 721 3107 adverbii
746 3049 861 3106 indicet.
903 3047 1004 3119 Neque
1029 3068 1097 3107 vero
1123 3069 1188 3106 cum
1214 3048 1354 3107 adverbiis

150 3155 227 3206 ἔνδον
248 3154 302 3205 etc.
325 3150 338 3204 6
358 3150 428 3204 πάνυ
450 3147 606 3216 comparari
627 3145 713 3206 debet
734 3166 786 3203 nec
810 3165 967 3204 «revera»
991 3145 1036 3204 vel
1057 3147 1206 3217 genuinus,
1228 3146 1257 3203 id
1279 3146 1355 3216 quod

151 3243 333 3302 Hermannus
360 3242 460 3314 voluit,
493 3243 543 3300 sed
571 3243 689 3313 ubique:
722 3242 815 3313 plane,
847 3262 963 3313 prorsus
991 3243 1037 3300 vel
1064 3242 1156 3314 valde,
1184 3262 1355 3313 magnopere

151 3341 299 3412 significat.
346 3339 496 3409 Nusquam
523 3341 595 3411 vim,
624 3360 696 3410 quae
725 3349 769 3397 est
796 3341 826 3396 in
853 3359 884 3396 re
908 3359 976 3398 vera
1002 3348 1032 3396 11
1056 3339 1205 3410 genuinus,
1231 3341 1260 3396 in
1286 3360 1355 3398 voce

151 3441 222 3496 πάνυ
242 3436 491 3508 deprehendimus,
518 3457 570 3494 nec
591 3436 641 3494 ubi
662 3437 697 3494 ad
719 3436 870 3507 adjectiva,
898 3434 1039 3506 adverbia,
1066 3435 1152 3495 verba
1173 3456 1225 3494 nee
1246 3437 1294 3495 ubi
1320 3436 1355 3494 ad

152 3534 330 3594 substantiva
355 3534 516 3604 apponitur.
563 3533 637 3590 Nam
663 3535 750 3592 etiam
775 3533 811 3590 ad
837 3532 1017 3592 substantiva
1042 3539 1056 3592 6
1081 3537 1151 3592 πάνυ
1176 3533 1217 3590 111
1242 3532 1355 3603 dicitur,

151 3639 183 3688 ut
202 3631 293 3690 videri
314 3631 405 3701 possit
426 3650 477 3700 per
498 3650 527 3688 se
553 3630 644 3688 solum
670 3629 805 3701 adjectivi
832 3630 1067 3700 significationem
1092 3629 1206 3688 habere.
1249 3629 1305 3688 Sed
1326 3631 1355 3686 in

151 3729 199 3799 eia,
222 3747 295 3798 quae
316 3727 373 3784 huc
394 3728 548 3797 pertinent,
570 3727 708 3796 exemplis
731 3731 744 3784 6
763 3730 834 3785 πάνυ
855 3726 891 3784 ad
905 3727 963 3785 vim
977 3727 1066 3798 verbi,
1089 3748 1160 3797 quae
1182 3729 1212 3785 in
1227 3726 1356 3785 substan-

151 3826 209 3884 tivo
231 3825 311 3896 latet,
338 3823 521 3881 referendum
543 3831 588 3882 est
608 3824 687 3882 velut
707 3825 738 3881 in
759 3828 773 3882 6
795 3827 866 3882 πάνυ
884 3835 979 3902 γέρων,
1002 3824 1078 3894 quod
1099 3824 1174 3881 idem
1200 3834 1244 3882 est
1269 3832 1355 3894 atque

151 3925 251 3982 ὁπάνυ
268 3924 427 4000 γεγηρακώς
447 3921 493 3980 vel
515 3917 537 3998 [6
550 3924 620 3980 πάνυ
637 3925 746 4000 γεραιός
767 3920 849 3978 Η111.
873 3918 891 3978 3
913 3918 953 3995 (1,
977 3917 1056 3998 180ll
1079 3922 1170 3979 etin:
1194 3928 1261 3980 oros
1279 3924 1356 3979 πόνοι

151 4023 186 4096 μή
206 4021 271 4079 antri
291 4020 350 4083 τούς
367 4020 438 4075 πάνυ
456 4021 559 4082 τούτους
577 4026 685 4089 οἰκέτας,
704 4017 753 4076 ubi
774 4019 803 4075 ln
825 4025 924 4089 οἰκέτης
945 4018 1024 4075 notio
1046 4019 1200 4088 participii:
1230 4017 1356 4076 serviens

150 4116 233 4174 inest.
281 4114 364 4173 Idem
390 4115 568 4186 intelligitur,
597 4116 622 4172 sl
650 4114 768 4172 scribas:
797 4118 856 4178 τούς
875 4118 946 4174 πάνυ
964 4117 1067 4178 τούτους
1086 4116 1284 4179 attrebatae·
1310 4113 1357 4170 Ex

152 4212 254 4282 quibus
276 4211 424 4282 exemplis
447 4231 518 4281 quae
540 4211 638 4268 multis
660 4211 798 4269 cumulari
819 4221 950 4282 possunt,
972 4212 1053 4281 sequi
1074 4210 1155 4269 nobis
1176 4210 1298 4281 videtur,
1323 4219 1357 4268 ut

151 4309 186 4366 ad
207 4313 220 4366 6
239 4311 311 4366 πάνυ
332 4329 445 4378 semper
465 4309 543 4367 notio
566 4307 705 4378 quaedam
726 4317 776 4366 aut
796 4307 885 4378 verbi,
913 4316 963 4366 aut
984 4308 1128 4379 adjectivi,
1156 4316 1206 4366 aut
1231 4307 1356 4366 adverbii

152 4405 336 4464 desideretur.
373 4405 475 4474 Itaque
497 4407 584 4464 etiam
605 4407 635 4462 in
656 4404 818 4463 nominibus
841 4405 962 4475 propriis
984 4425 1049 4462 cum
1070 4410 1083 4464 6
1102 4409 1173 4464 πάνυ
1195 4404 1356 4475 conjunctis

153 4523 209 4560 non
238 4522 342 4560 nomen
371 4503 516 4573 proprium
543 4504 648 4573 ipsum,
677 4502 727 4561 sed
755 4501 931 4573 adjectivum
958 4502 1004 4561 vel
1032 4501 1253 4573 substantivum,
1282 4501 1357 4571 quod
