3204 5126
673 317 838 392 '-4s-

238 531 392 592 Nonnullis
419 540 514 591 autem
546 532 615 592 loeis
646 531 754 603 ellipsis
781 530 933 590 verborum
961 530 1073 589 dieendi
1103 530 1217 590 videtur
1247 539 1360 590 tantum

146 630 245 688 cerni.
286 628 329 688 Re
348 649 416 689 vera
435 630 506 688 haee
526 629 613 690 verba
633 649 670 688 ex
691 627 925 686 antecedentibus
946 628 1001 698 vel,
1030 627 1106 699 quod
1131 629 1222 687 rarius
1243 637 1296 699 est,
1325 648 1361 686 ex

147 725 344 798 sequentibus
364 725 520 798 repetendo
540 733 617 786 sunt.
659 725 739 784 Talia
760 745 817 784 non
838 723 874 783 ad
894 725 1046 796 genuinam
1072 724 1184 796 ellipsin
1205 725 1359 798 pertinent,

148 821 209 882 sed
241 831 337 882 tumen
365 823 497 896 exemplu
523 823 608 884 huius
636 823 747 895 generis
775 821 904 894 proferre
932 821 1063 881 volumus
1091 822 1205 893 partim,
1241 830 1274 880 ut
1305 822 1360 880 dis-

150 920 265 979 crimen
288 921 365 980 inter
388 920 444 980 hoe
468 928 499 978 et
523 919 594 980 illud
618 939 709 992 genus
733 919 930 991 perspiciatur,
957 919 1070 990 partim,
1097 926 1130 976 ut
1150 917 1269 977 Lueiaui
1297 939 1361 977 oon-

152 1016 280 1076 suetudo
300 1017 414 1076 dioendi
433 1017 602 1076 illustretur.

239 1112 334 1173 Purus.
357 1111 516 1191 1(2‚837):
538 1127 596 1173 stru
614 1117 710 1186 ταύτην
730 1134 768 1173 se.
790 1119 896 1191 (λέγεις)
917 1119 1016 1171 antea:
1038 1115 1088 1190 οὔχ
1106 1121 1163 1196 ἔχω
1181 1120 1271 1172 εἰπεῖν.
1328 1192 1331 1198 ¹

240 1225 266 1286 1.
286 1227 384 1287 Parus.
403 1225 441 1288 47
453 1224 578 1304 (2‚872):
599 1239 678 1286 ταῦτα
696 1233 749 1306 μὲν
767 1235 866 1293 ἱκανῶς
882 1233 1002 1303 (λλιξος)·
1022 1229 1059 1286 ὅτι
1079 1233 1108 1286 (λλ
1125 1230 1164 1306 μή
1184 1233 1272 1302 φίλος,
1291 1230 1359 1288 ἄλλά

156 1325 298 1404 παράσιτος
315 1325 350 1396 ἢν
367 1328 382 1384 ὅ
400 1327 554 1406 Πάτροκλος
570 1335 615 1384 τοῦ
633 1327 781 1405 Ἀχιλλέως,
799 1334 882 1404 πειρῶ
900 1331 996 1400 λέγειν.

238 1428 265 1488 2.
288 1409 560 1507 Gull.17(2‚729):
582 1431 650 1490 ἄλλοὶ
669 1439 749 1490 ταῦτα
767 1435 820 1509 μὲν
838 1437 937 1496 ἱκανῶς
954 1435 1082 1506 (ἔλιξας),-
1093 1432 1124 1488 τοὶ
1143 1432 1310 1509 Πυθαγόρου
1329 1437 1359 1490 δὲ

161 1527 209 1598 ἤδη
228 1531 295 1602 λέγε.

238 1627 265 1690 3.
286 1630 473 1704 Necyomant.
496 1629 534 1692 19
549 1628 676 1708 (l‚482):
702 1638 923 1696 ταυτί-ἱκανῶς
941 1637 1056 1708 (ἔλεξας).
1093 1644 1120 1690 τί
1135 1637 1165 1690 δὲ
1183 1632 1210 1689 ri
1230 1633 1359 1709 ψήφισμα

160 1727 201 1804 ἦν,
220 1731 283 1809 ὅπερ
301 1735 331 1790 ἰν
349 1732 423 1809 ἀρχῇ
441 1735 530 1805 ἔλεγες
547 1737 719 1809 κεκυρῶσθαι
737 1730 803 1786 uerti
821 1738 874 1787 τῶν
892 1733 1032 1788 πλουσίων.

237 1848 273 1908 In
293 1849 395 1922 tribus,
417 1870 489 1922 quae
510 1857 655 1922 postremo
676 1849 738 1908 looo
755 1856 832 1921 sunt,
854 1849 993 1921 exemplis
1007 1856 1096 1917 ἔλεξας
1116 1870 1152 1908 ex
1172 1829 1358 1919 sequentibus

155 1946 347 2018 supplendum
368 1955 422 2019 est,
443 1947 473 2006 id
494 1947 570 2018 quod
590 1947 681 2005 rarius
702 1946 744 2018 iit,
765 1945 886 2017 ideoque
901 1946 1017 2018 dignum
1033 1955 1086 2018 est,
1109 1945 1185 2017 quod
1203 1953 1357 2016 prematur.

235 2058 282 2119 le
303 2060 537 2148 antecedentibus
558 2068 646 2137 λέγειν
667 2058 836 2119 subauditur
855 2061 900 2118 in:
932 2059 1007 2118 Dial.
1029 2067 1143 2118 meretr.
1166 2056 1356 2136 9,1(3‚301):

153 2159 206 2218 oriz
222 2163 277 2218 idea
294 2168 366 2218 τοῦτο
384 2161 468 2224 εὐθύς
485 2163 600 2236 (λέγειν).
632 2164 731 2216 antea:
753 2166 830 2235 ἔφην,
849 2157 871 2215 oi
890 2167 1049 2238 Παρμένων.

236 2270 335 2332 Herm.
357 2269 398 2332 20
408 2268 534 2347 (1,758);
558 2277 575 2332 t·
595 2280 626 2334 di
644 2276 787 2348 βούλομαι
806 2282 911 2345 elusis,
930 2275 1047 2336 τοιόνδε
1068 2280 1158 2344 ἐστίν,
1177 2274 1234 2348 οὔχ
1248 2272 1294 2331 ὅτι
1310 2284 1358 2346 τῆς

153 2371 273 2444 γνώμης
290 2383 349 2432 τῶν
367 2374 487 2446 ἀνδρῶν
505 2381 590 2456 ἔρωτι
608 2373 753 2451 προσῄεις.

236 2477 283 2540 Du
303 2479 408 2540 Mesnil
432 2481 462 2539 in
482 2481 528 2540 his
549 2481 680 2554 supplet:
713 2488 763 2539 aut
783 2487 885 2540 λεκτέον
910 2488 961 2537 aut
985 2486 1058 2538 ἔστιν
1082 2498 1133 2550 pro
1155 2480 1254 2548 ἀληθές
1273 2486 1357 2540 ἐστιν,

235 2591 308 2651 Mihi
329 2594 444 2665 quidem
469 2601 558 2670 ἔλεξας
582 2593 808 2656 subaudiendum
834 2613 896 2652 esse
916 2592 1038 2652 videtur.
1080 2591 1155 2651 Nam
1175 2589 1300 2661 Lyoinus
1322 2591 1357 2651 ab

155 2687 336 2749 Hermotimo
356 2690 395 2763 id,
424 2691 581 2768 quodiam
603 2699 688 2749 antea
708 2691 828 2763 dixerat,
851 2690 1010 2749 confirmari
1031 2689 1106 2749 vult:
1136 2708 1174 2747 so.
1197 2707 1227 2746 so
1248 2690 1358 2761 sepien-

155 2783 213 2844 tiae
233 2787 385 2864 stoioorum
408 2785 567 2850 studiosum
589 2788 630 2846 eis
651 2807 682 2847 se
703 2788 897 2860 applicavisse.

520 2941 656 3026 Ellipsis
679 2944 858 3009 verborum
881 2943 993 3007 eundi.

235 3071 326 3131 Simili
346 3074 440 3146 modo,
469 3094 525 3146 quo
546 3094 604 3134 vox
628 3077 690 3140 ὁδός
710 3074 740 3132 in
760 3073 901 3133 adverbiis
930 3074 985 3133 loei
1012 3073 1057 3132 vel
1082 3072 1269 3132 substantivis
1291 3094 1356 3131 eum

159 3170 364 3240 praepositione
389 3171 482 3230 loeum
508 3170 699 3232 indicantibus
725 3171 877 3242 omittitur,
903 3170 989 3230 verba
1015 3190 1127 3241 quoque
1155 3169 1289 3228 movendi
1309 3170 1354 3229 vel

158 3267 241 3324 eundi
261 3266 374 3340 desunt,
396 3269 420 3327 si
440 3289 477 3327 ex
497 3267 638 3340 adverbiis
659 3269 714 3327 looi
735 3268 880 3328 subaudiri
901 3275 1029 3340 possunt.

677 3415 831 3486 Exempla:

233 3525 382 3599 Peregr.4
401 3525 525 3605 (3,329):
556 3536 590 3593 ori
611 3534 669 3612 γοῖρ
688 3533 725 3594 ια’
746 3538 895 3593 τελευταῖα
912 3535 1102 3605 Ἐμπεδοκλῆς
1124 3542 1167 3598 εἰς
1190 3534 1256 3600 τους
1280 3559 1352 3607 κρο-

155 3629 240 3692 stipor
258 3623 305 3689 (so.
324 3620 430 3690 ἥλατο).

232 3711 283 3772 Bis
308 3732 365 3774 uuo.
394 3711 432 3773 10
446 3711 570 3792 (2‚802):
603 3720 716 3793 Ἑρμῆς.
752 3717 829 3787 Αὕτη
849 3736 894 3774 σοι
914 3717 1081 3792 διηγήσεται
1100 3717 1135 3777 roi
1153 3718 1258 3776 πάντα·
1297 3721 1354 3795 iyoi

155 3816 185 3870 di
203 3818 249 3872 tut
267 3811 318 3884 τήν
336 3815 498 3888 α’κρόπολιν
516 3816 597 3887 (εἶμι)
616 3823 662 3874 καλ
681 3815 716 3875 sd
733 3814 877 3889 κήρυγμα.

232 3911 384 3983 Sequimur
403 3912 433 3970 in
454 3913 509 3974 hoe
523 3914 655 3985 exemplo
669 3913 871 3986 daeobituium,
893 3914 942 3985 qui
963 3919 1028 3991 ιλμι,
1050 3912 1126 3983 quod
1148 3912 1243 3972 eodioe
1265 3917 1296 3980 Ψ
1307 3935 1354 3972 ne-

153 4028 208 4080 que
229 4028 296 4068 vero
317 4008 398 4067 codd.
414 4012 486 4076 ΑΩ
498 4017 529 4076 Φ
541 4017 585 4077 M
602 4010 793 4082 exhiberetur,
811 3995 872 4070 ¹non
893 4012 922 4070 in
944 4018 1056 4069 textum
1078 4009 1193 4080 recepit.
1225 4011 1271 4069 Ae
1292 4012 1352 4070 sine

153 4107 239 4168 dubio
259 4113 316 4189 ελμι
336 4110 382 4170 vel
403 4112 518 4170 omnino
538 4112 657 4172 verbum
678 4112 811 4172 movendi
831 4113 861 4171 in
882 4112 987 4171 talibus
1009 4111 1103 4170 omitti
1124 4118 1228 4181 potest.
1269 4109 1353 4181 Quod

152 4224 189 4264 ex
210 4205 348 4278 exemplis
373 4228 391 4265 a
410 4207 571 4268 daeobitzio
597 4216 627 4267 et
647 4208 806 4268 Fritnsohio
832 4210 868 4268 ad
892 4210 969 4268 hune
995 4209 1088 4267 locum
1109 4206 1245 4266 adhibitis
1267 4217 1296 4266 et
1317 4229 1353 4268 ex

152 4322 196 4372 eo,
218 4302 294 4373 quod
315 4324 367 4363 nos
388 4325 424 4364 ex
444 4305 571 4364 Luciano
593 4325 677 4378 saepe
698 4307 857 4378 attulimus,
879 4313 1005 4378 apparet.
1038 4305 1123 4363 Fides
1137 4311 1233 4363 autem
1248 4306 1352 4364 eodieis

157 4403 191 4466 Ψ
213 4407 323 4462 eeteros
348 4403 467 4468 ΑΩΦ
479 4409 523 4470 Μ
547 4422 603 4462 non
631 4402 701 4462 adeo
728 4412 852 4475 superat,
881 4412 914 4461 ut
935 4423 1068 4476 cogamur
1093 4401 1229 4461 lectiones
1254 4423 1352 4461 eorum

152 4521 204 4574 per
224 4521 254 4561 se
275 4503 436 4576 probabiles
456 4504 615 4562 necessario
637 4503 756 4576 abicere,
779 4504 804 4563 si
824 4504 895 4564 aliae
917 4513 985 4564 sunt
1005 4512 1092 4576 atque
1113 4505 1142 4562 in
1169 4509 1206 4570 Ψ.
1240 4503 1351 4570 Deinde
