3204 5126
681 347 840 409 ..17-

157 545 275 614 saepius
297 544 373 615 apud
392 545 474 602 illum
496 565 581 616 quam
602 546 678 618 apud
698 548 751 605 hos
767 548 896 606 occurrit.
931 546 974 606 Ut
988 548 1070 617 ratic,
1092 566 1164 617 quae
1178 547 1253 604 inter
1267 544 1365 603 Lucia-

158 661 230 700 num
253 649 283 700 et
304 650 415 700 veteres
435 643 492 700 hoc
512 644 541 701 in
563 664 665 714 genere
686 644 854 714 intercedat,
876 651 1071 714 cognoscatur,
1098 663 1134 700 ex
1154 643 1230 700 illius
1252 643 1365 713 scriptis

157 738 300 808 elegimus
328 738 454 797 libellos:
487 738 531 798 De
558 741 679 798 historia
706 740 918 811 conscn'benda,
949 739 1000 798 Bis
1028 748 1202 811 accusatum,
1230 738 1365 810 Dialogos

158 835 290 905 deorum,
312 837 445 906 marinna,
467 846 653 896 mortuorum.
697 836 776 907 Quos
798 839 1023 908 comparavimus
1045 857 1110 894 cnm
1131 836 1203 896 libro
1225 835 1249 894 I.
1272 837 1366 907 operis

158 931 348 1004 Thucydidci,
369 933 499 991 Platonis
521 936 659 1006 convivio,
681 934 885 993 Demosthenis
907 935 1034 992 oratione
1057 934 1091 991 de
1113 953 1224 992 corona.

243 1028 353 1100 Copula
378 1037 437 1088 ἐστί
455 1032 479 1090 si
500 1032 639 1090 rationem
661 1031 697 1089 ad
718 1040 852 1089 centenas
876 1032 992 1102 paginas
1014 1030 1225 1088 Teubnen'anas
1247 1030 1365 1101 referas,

159 1127 267 1183 omissa
289 1137 345 1184 est:

482 1225 511 1282 in
536 1225 617 1282 Thuo
638 1225 700 1284 libr.
716 1225 741 1282 Ι.
778 1221 830 1299 (90
851 1224 892 1300 p.)
934 1223 981 1284 57.

536 1322 648 1380 Platon.
671 1341 751 1380 conv.
779 1319 830 1396 (63
851 1321 892 1398 p.)
916 1319 982 1379 158.

535 1418 754 1476 Demdccor.
777 1416 891 1493 (7312.)
933 1417 981 1477 60.

244 1528 300 1599 Qni
322 1532 432 1588 numeri
453 1532 477 1589 si
498 1533 638 1589 rationem
659 1531 758 1589 codem
773 1531 858 1589 modo
873 1551 905 1588 ac
920 1551 1006 1602 supra
1019 1532 1134 1602 inimus,
1157 1533 1207 1603 cis,
1230 1533 1278 1602 qui
1292 1532 1367 1604 apud

161 1625 322 1683 Luciannm
343 1629 532 1699 reperiuntm·,
555 1629 625 1687 satis
646 1628 738 1686 multo
760 1635 946 1699 superantur:
1250 1621 1252 1625 ¹

324 1760 385 1811 cop
407 1748 467 1799 ἐστι’
486 1742 590 1799 omissa
611 1751 671 1799 cst:

537 1855 581 1914 Dc
601 1855 670 1912 hist.
693 1875 800 1913 consor.
815 1853 865 1929 (29
887 1855 928 1932 p.)
950 1853 1017 1913 247.

536 1951 587 2009 Bis
609 1972 665 2010 aec.
813 1949 864 2027 (24
885 1951 927 2028 p.)
950 1949 1016 2010 158.

536 2047 610 2106 Dial.
634 2049 710 2106 door.
814 2047 865 2124 (44
887 2048 928 2126 p.)
951 2047 1017 2108 166.

567 2167 579 2197 >>
634 2166 704 2203 mar.
815 2141 866 2218 (24
887 2145 928 2222 p.)
951 2144 1018 2204 189.

567 2264 579 2294 »
634 2251 718 2300 mort.
815 2239 867 2316 (54
888 2242 929 2319 p.)
952 2240 1018 2300 167.

244 2362 376 2432 Apparet
397 2382 433 2420 ex
454 2363 508 2420 hac
530 2365 741 2434 comparatione
755 2363 874 2422 Luciani
896 2384 980 2422 usum
1002 2364 1084 2435 longe
1099 2363 1205 2422 distare
1226 2384 1243 2422 a
1261 2363 1371 2435 Thucy·

161 2458 237 2516 didis
259 2467 289 2516 et
309 2458 524 2531 Demosthenis,
552 2460 669 2530 paulum
690 2481 706 2517 a
727 2459 866 2531 Platonis,
889 2469 1028 2530 qnantum
1050 2460 1165 2532 quidem
1187 2481 1223 2518 cx
1243 2461 1289 2518 his
1310 2480 1371 2531 par

161 2555 240 2614 tibus
262 2555 440 2626 singulorum
463 2576 580 2627 operum
602 2557 636 2615 de
658 2565 720 2614 tota
741 2559 851 2615 ratione
872 2557 1003 2614 concludi
1023 2565 1129 2628 potest.

244 2651 289 2709 De
310 2653 402 2710 causis
423 2653 508 2710 huius
523 2653 637 2711 maioris
657 2653 837 2723 frequentiae
859 2654 1000 2725 ellipseos¹
1023 2674 1108 2725 quam
1123 2654 1198 2725 apud
1212 2653 1370 2711 [lucianum

161 2749 294 2809 videmus
316 2750 387 2807 nihil
409 2749 486 2806 alind
507 2751 589 2809 nobis
610 2750 724 2808 videtur
746 2751 801 2809 dici
827 2771 910 2823 posse
936 2751 990 2808 nisi
1017 2752 1092 2808 hanc
1113 2751 1295 2809 omissionem
1316 2749 1371 2807 Lu·

163 2847 246 2904 eiano
268 2866 330 2904 esse
351 2848 381 2904 in
404 2845 511 2904 deliciis
533 2855 563 2904 ct
591 2848 796 2918 proprietatem
818 2868 879 2906 csse
901 2849 961 2906 cius
983 2849 1130 2906 sermonis
1173 2847 1247 2905 Nam
1268 2867 1305 2905 ex
1325 2866 1372 2903 na·

163 2953 231 3000 tura
259 2943 371 3014 dialogi,
402 2963 457 3012 quo
485 2945 578 3001 utitur
603 2942 756 3015 Lucienus,
785 2965 847 3002 eam
876 2965 932 3003 non
960 2945 1027 3002 oriri
1055 2965 1147 3014 neqnc
1175 2943 1371 3015 explicandam

164 3061 228 3098 csse
250 3061 287 3098 cx
308 3060 340 3097 co
367 3047 458 3110 patet,
487 3040 564 3110 quod
591 3041 621 3097 in
649 3040 745 3099 libello
772 3041 806 3099 de
834 3041 902 3100 hist.
925 3061 1041 3112 censen,
1071 3042 1120 3110 qni
1148 3040 1251 3112 dialogi
1278 3039 1373 3097 forma

164 3145 253 3208 caret,
275 3137 376 3207 copula
398 3137 511 3208 saepius
533 3138 685 3208 omittitur,
708 3159 793 3208 qnam
814 3140 843 3196 in
866 3138 984 3210 dialogis
1006 3157 1044 3196 sc.
1060 3138 1110 3196 Bis
1127 3157 1194 3208 acc,
1217 3137 1272 3194 dial
1295 3136 1371 3208 deor,

164 3254 236 3292 mar.
258 3243 341 3292 mort.

247 3330 303 3388 Sed
324 3337 358 3388 ut
379 3330 482 3387 clarius
507 3330 709 3402 intelligamus¹
737 3352 809 3402 quac
830 3333 899 3390 ratis
928 3332 1060 3402 ellipseos
1082 3331 1199 3402 copulae
1221 3337 1279 3389 ἐστί
1297 3329 1373 3401 apud

164 3417 324 3485 Lucianuin
352 3428 400 3497 sit,
429 3447 486 3484 non
514 3427 583 3484 satis
612 3436 656 3486 est
684 3427 888 3500 demonstrare,
918 3436 1041 3498 quantus
1070 3448 1205 3486 numerus
1231 3427 1372 3497 ellipsium

165 3524 243 3596 apud
271 3524 356 3595 hunc,
386 3531 510 3593 quantus
538 3524 614 3594 apud
634 3525 698 3582 illos
720 3533 831 3584 veteres
853 3527 899 3596 sit,
929 3525 1101 3584 sedetiam:
1132 3533 1202 3594 quot
1227 3524 1296 3581 locis
1318 3530 1377 3583 ἐστι’

166 3621 244 3692 apud
265 3620 423 3678 Luciannm
446 3621 604 3690 omittatur,
627 3629 697 3692 quot
718 3622 864 3680 adiciatm·.

249 3750 406 3808 Videamus
428 3751 548 3821 singula,
571 3771 642 3821 qnae
664 3751 810 3823 elegimus,
833 3753 951 3822 scripta:

391 3871 491 3939 Copula
509 3869 569 3922 ἐστι’
585 3872 680 3924 omissa
699 3880 739 3924 est
872 3871 958 3939 posita
977 3855 1030 3923 est¹

357 3956 377 4023 ¹)
397 3959 435 4010 De
455 3959 513 4011 hist.
535 3976 647 4011 consen:
668 3959 710 4012 74.
929 3963 968 4010 16.

399 4047 443 4099 Bis
463 4065 517 4099 acc.
642 4065 647 4098 :
668 4050 710 4099 38.
928 4051 968 4099 13.

399 4135 466 4187 Dial.
487 4136 558 4188 deor.
642 4135 710 4188 274.

431 4244 441 4270 »
487 4241 550 4275 mar.
643 4227 711 4276 ;36.

431 4331 440 4356 r
485 4316 561 4362 mort.
642 4328 647 4362 ε
669 4314 710 4364 91.

927 4139 969 4203 ca.

930 4225 970 4273 18.

928 4312 970 4360 44.

227 4534 243 4585 ¹)
257 4537 306 4578 Hos
321 4548 435 4581 numeros
450 4540 481 4581 ad
496 4539 612 4580 centenas
627 4538 726 4589 paginas
740 4538 921 4581 Tcnbnerianas
936 4538 1032 4590 relatos,
1048 4549 1070 4581 v.
1087 4548 1166 4590 snpra.
