3204 5126
770 332 908 390 „2-

315 531 494 603 Bernhardyi
515 531 643 603 magistri
664 531 836 589 sententiam
851 532 1027 591 verissimam
1050 553 1111 594 esse
1133 535 1328 596 demonstrare
1349 546 1435 610 atque

236 632 365 690 evinoere
392 629 504 688 studuit
525 627 661 688 Geistius.
711 629 791 686 Idem
815 629 1009 688 distributioni
1038 628 1180 703 ellipsium
1208 654 1224 691 a
1252 645 1435 708 praeceptore

234 729 385 787 institutae
406 733 513 785 certam
534 725 728 784 definitionem
750 725 882 797 ellipseos
904 726 1022 798 addidit,
1049 748 1135 799 quam
1155 730 1356 804 Bernhardyus
1378 753 1435 791 non

234 831 429 896 proposuerat.
484 822 556 881 Esse
582 823 667 894 enim,
693 822 734 880 ait
760 821 887 882 Geistius
897 820 928 900 ¹),
956 824 1068 896 ellipsin
1097 827 1278 886 omissionem
1305 829 1435 888 vocabuli

234 923 372 980 sermonis
393 920 528 979 cotidiani
549 920 688 990 imprimis
710 917 883 978 Graecorum
905 922 1057 994 propriam,
1086 924 1264 995 neglegentia
1293 923 1329 1001 (si
1357 935 1434 985 recte

232 1018 418 1090 intelligimus
439 1003 551 1077 vocem:
584 1015 760 1087 «hequem»,
783 1036 839 1087 quo
859 1017 907 1074 hic
928 1017 1031 1094 utitur)
1053 1028 1153 1091 ortam,
1176 1022 1261 1094 quod,
1284 1024 1308 1081 si
1328 1024 1434 1094 logices

233 1124 263 1174 et
283 1116 481 1188 grammatices
502 1121 616 1171 tantum
637 1113 713 1184 leges
735 1114 878 1185 respicias,
901 1134 937 1172 ex
951 1110 1136 1175 dissimilibus
1151 1118 1278 1177 eiusdem
1293 1122 1433 1179 enuntiati

232 1212 361 1284 partibus
373 1211 574 1283 supplendum
595 1211 641 1268 sit.

315 1308 489 1380 «Elllipsium
510 1309 568 1367 vim
589 1327 622 1364 ac
650 1308 796 1366 notionem
819 1308 849 1365 in
870 1309 1034 1368 universum
1062 1311 1117 1369 nisi
1142 1310 1284 1371 rhetorica
1310 1314 1433 1384 quadam

231 1406 341 1465 ratione
356 1406 492 1477 explicari
513 1425 569 1463 non
584 1425 689 1476 posse»
702 1399 725 1482 ἵ)
747 1402 835 1479 (idem
850 1405 921 1477 fere,
944 1407 1020 1476 quod
1034 1407 1236 1480 Bernhardyus
1251 1417 1281 1468 et
1295 1409 1432 1481 GeistiuS,

232 1523 404 1574 quamquam
430 1503 462 1560 hi
489 1502 595 1560 fortius
623 1501 806 1578 censuerunt)
834 1501 985 1574 Helbigius
1014 1504 1199 1564 confirmavit.
1252 1505 1309 1564 Sed
1335 1515 1432 1565 tamen

231 1601 426 1659 definitionem
447 1607 477 1658 et
497 1598 666 1658 divisionem
686 1619 703 1656 a
723 1586 907 1670 grammatica
927 1600 1037 1658 ratione
1059 1601 1212 1672 petendam
1227 1623 1289 1661 esse
1310 1605 1431 1674 putavit.

230 1698 278 1755 Ita
299 1697 414 1768 quidem
434 1696 490 1754 hoc
514 1695 628 1766 idioma,
657 1695 733 1765 quod
755 1696 881 1767 appellat
901 1696 1094 1769 Hermannus,
1123 1698 1260 1770 explicat:
1293 1699 1432 1772 «Ellipsis

231 1815 264 1853 cu
285 1803 329 1853 est
350 1793 461 1852 dicendi
482 1795 564 1865 ratio,
586 1812 642 1863 qua
662 1793 692 1850 in
713 1792 807 1863 aliquo
829 1794 977 1852 enuntiato
996 1794 1165 1853 vocabulum
1180 1795 1215 1853 ad
1236 1797 1431 1868 integritatem

229 1892 442 1962 grammaticam
471 1890 660 1948 necessarium
689 1909 746 1947 non
774 1891 898 1961 ponitur,
928 1891 951 1948 si
979 1891 1035 1949 alio
1062 1891 1200 1952 vocabulo
1229 1893 1274 1952 vel
1303 1893 1431 1952 membro

230 1989 299 2047 satis
320 1987 462 2046 indicatur
471 2009 483 2040 »
492 1983 525 2063 3).
557 1985 755 2054 Distribuendi
776 1995 872 2044 autem
893 1987 966 2044 ratio
987 1988 1093 2059 triplex
1114 1989 1140 2058 ei
1161 1990 1284 2048 existere
1305 1991 1365 2048 visa
1386 1999 1432 2048 est

199 2147 203 2157 ⁸
229 2105 318 2156 eaque
346 2085 382 2143 ad
409 2085 484 2144 solas
511 2083 718 2155 grammaticas
747 2103 819 2154 quae
847 2084 876 2140 in
901 2083 1060 2143 formandis
1086 2086 1242 2144 enuntiatis
1268 2087 1429 2158 traduntur,

228 2183 305 2254 leges
326 2183 480 2254 pertinens.
522 2180 679 2240 Existimat
700 2181 776 2238 enim
796 2189 909 2251 praeter
930 2201 1001 2252 eam,
1024 2201 1109 2252 quam
1130 2182 1313 2242 Hermannus
1334 2204 1430 2244 veram

229 2279 341 2350 ellipsin
369 2278 488 2350 judicat,
517 2278 604 2336 etiarn
632 2297 665 2342 ea
692 2297 803 2348 genera,
834 2297 905 2348 quae
933 2278 979 2334 hic
1007 2299 1088 2338 veras
1114 2299 1170 2338 uon
1198 2281 1322 2351 agnovit,
1350 2281 1430 2338 velut

228 2375 308 2446 illud,
337 2395 393 2446 quo
415 2374 486 2445 quid
509 2394 545 2432 ex
565 2373 799 2432 antecedentibus
820 2374 865 2432 vel
887 2375 1072 2445 sequentibus
1093 2384 1123 2434 et
1149 2376 1229 2448 illud,
1258 2397 1314 2448 quo
1336 2376 1430 2448 objec-

227 2481 290 2549 tum
311 2492 347 2531 ex
368 2471 454 2533 verbo
475 2472 567 2542 repeti
588 2478 693 2542 potest,
715 2469 858 2541 ellipsium
880 2491 998 2529 numero
1019 2472 1205 2532 adscribenda
1225 2493 1296 2532 esse.

307 2569 431 2636 Omnem
459 2568 571 2640 ellipsin
602 2569 694 2639 primo
725 2569 939 2638 grammaticam
970 2588 1032 2626 esse
1059 2569 1089 2628 h.
1120 2589 1144 2628 e.
1173 2571 1202 2627 in
1231 2571 1308 2628 omni
1336 2570 1429 2642 ellipsi

227 2667 334 2738 aliquid
361 2667 397 2724 ad
424 2667 618 2736 iutegritatem
646 2665 805 2722 sententiae
833 2665 1024 2735 supplendum
1052 2685 1114 2724 esse
1142 2667 1227 2737 paulo
1255 2680 1321 2738 post
1340 2668 1429 2726 Bern-

226 2764 365 2835 hardyum
386 2757 616 2837 Mehlhornius4)
645 2781 758 2832 quoque
786 2762 897 2820 censuit
924 2761 1057 2832 idemque
1078 2783 1150 2834 oum,
1179 2783 1264 2834 quam
1293 2765 1340 2822 ille
1366 2765 1425 2824 rhe-

226 2862 344 2919 toricam
366 2860 435 2919 dicit
456 2859 578 2930 ellipsin,
607 2858 762 2916 secundum
790 2867 921 2915 naturam
943 2858 1058 2928 quidem
1087 2879 1167 2917 suam
1189 2861 1369 2931 potissimum
1391 2863 1427 2920 ad

225 2958 364 3015 rationem
392 2956 605 3028 grammaticam
633 2955 775 3026 pertinere
797 2954 902 3024 docuit,
932 2956 1044 3013 etiamsi
1070 2956 1131 3014 fieri
1159 2969 1265 3028 posset,
1294 2967 1328 3016 ut
1353 2959 1434 3026 sicut¹

225 3055 317 3112 omnis
338 3054 446 3125 ellipsis
471 3053 611 3110 rhetorice
632 3058 825 3122 usurparetur.
867 3050 1026 3109 Hermanni
1047 3061 1143 3111 autem
1164 3053 1358 3112 definitionem
1386 3056 1427 3113 ita

225 3151 419 3222 corrigendam
447 3169 519 3221 csse,
546 3157 580 3206 ut
607 3149 714 3219 ellipsis
742 3147 930 3218 apellaretur:
958 3149 1073 3208 omissio
1101 3149 1240 3222 vocabuli,
1269 3151 1345 3221 quod
1371 3153 1426 3210 etsi

225 3248 421 3318 nondictum,
450 3255 546 3304 tamen
564 3245 749 3316 ,cogitandum
771 3253 847 3302 esset
868 3241 942 3319 (loco
963 3245 1087 3304 formae:
1119 3267 1132 3299 «
1141 3248 1313 3317 cogitaretur
1322 3246 1359 3323 a),
1386 3268 1424 3306 sc.

224 3345 259 3404 ab
277 3365 323 3416 eo,
345 3345 395 3415 qui
416 3344 548 3415 ellipseos
569 3343 708 3401 rationem
731 3340 924 3412 explicaturus
945 3351 1030 3400 esset.

303 3441 352 3498 Ad
379 3441 592 3512 grammaticam
619 3440 759 3497 rationem
779 3435 1002 3515 Boettcherusr)
1031 3459 1143 3510 quoquc
1172 3440 1284 3511 ellipsin
1312 3441 1425 3498 rettulit

223 3559 256 3596 ac
276 3539 391 3610 negavit
410 3537 588 3607 Bornlrardyi
610 3543 639 3594 et
661 3534 764 3594 Geistii
789 3535 945 3594 rhetoricas
965 3544 996 3594 et
1017 3537 1167 3607 populares
1189 3537 1312 3610 ellipseS,
1339 3539 1363 3596 si
1384 3539 1424 3595 in-

222 3637 322 3694 timam
344 3654 440 3694 earum
462 3642 596 3691 naturum
616 3633 760 3703 respicias,
782 3632 851 3690 alias
872 3641 958 3702 atque
979 3634 1177 3703 grammaticas
1198 3653 1269 3693 csse.

302 3726 525 3806 Willmannus⁶)
553 3730 675 3799 denique
697 3729 731 3788 de
753 3727 845 3799 ellipsi
872 3730 902 3786 in
923 3730 1086 3788 universum
1108 3750 1193 3802 agens
1215 3751 1277 3788 eam
1299 3731 1425 3797 elisionis

222 3850 289 3888 suae
310 3849 400 3900 genus
421 3829 558 3898 nominat,
590 3825 660 3886 «ubi
688 3824 815 3886 membra
842 3825 911 3882 elisa
938 3834 997 3883 tam
1019 3847 1126 3886 conexa
1147 3837 1215 3886 sunt
1235 3848 1289 3885 usu
1310 3837 1340 3886 ct
1360 3849 1424 3885 cou-

222 3926 372 3985 suetudine
391 3925 518 3996 prolatis,
540 3932 574 3981 ut
594 3924 726 3994 quotiens
740 3922 789 3980 illa
803 3923 994 3994 proferantur,
1017 3924 1092 3982 ultro
1113 3925 1141 3981 in
1157 3934 1282 3982 mentem
1298 3926 1421 3984 veniant.
1473 3997 1477 4004 ι

275 4147 291 4197 ¹)
306 4145 378 4196 Gelst,
394 4156 418 4197 p.
433 4145 466 4186 20.

273 4225 291 4276 ²)
305 4223 400 4274 Helius,
416 4222 472 4264 dlss.
489 4233 512 4274 p.
529 4225 548 4273 6,
564 4223 595 4264 ud
609 4224 659 4264 not.
676 4221 713 4270 1).·

273 4303 290 4354 ³)
304 4302 399 4353 Helblg,
415 4313 438 4353 p.
455 4304 474 4344 6.

273 4382 290 4432 ⁴)
304 4381 440 4432 Mehlhoru,
455 4391 479 4432 p.
495 4382 505 4421 1
522 4390 571 4431 seq.

272 4459 439 4510 ⁶)'Boettchen
455 4469 478 4510 p.
495 4459 514 4500 t.

272 4539 289 4588 ο)
304 4537 441 4588 Willmunn,
456 4549 480 4590 p.
495 4539 529 4580 41.
