3204 5126
769 315 907 378 ,-4.,

237 518 339 576 ueteris
366 517 501 576 membris
522 518 671 575 enuntiati.
714 515 780 574 Non
807 517 902 575 minus
923 516 1035 587 ellipsin
1063 516 1163 586 teneri,
1192 516 1216 574 si
1243 516 1273 573 in
1294 515 1438 586 adjectivo

236 614 360 685 quodam
388 614 608 685 substantivum,
637 615 682 673 cui
709 614 891 684 attribuatur,
919 613 1077 671 omittatur.
1123 611 1197 670 Nam
1226 612 1438 692 substantivum

237 732 302 771 cum
323 711 466 783 adjectivo
487 714 674 782 conjunctum
696 731 747 782 pro
775 711 923 769 enuntiato
944 709 1043 768 haberi
1064 717 1169 780 potest,
1197 710 1227 767 in
1248 729 1304 784 quo
1330 709 1439 781 praedi·

237 816 332 866 catum
354 807 485 880 subjecto
500 827 534 866 eo
549 808 687 879 temporis
701 815 856 878 momento,
878 827 934 878 quo
949 807 1013 878 quis
1027 807 1162 878 loquitur,
1184 826 1241 864 non
1261 806 1438 878 attribuitur,

238 905 288 964 sed
313 908 374 976 jam
399 904 570 964 attributum
596 912 642 963 est
661 912 691 964 et
716 925 781 964 cum
802 904 981 964 substantivo
1006 904 1036 962 in
1064 923 1153 962 unum
1181 903 1294 966 coaluit.
1336 903 1439 974 Neque

236 1002 319 1060 aliter
343 1022 376 1060 ae
401 1000 436 1060 de
462 1001 594 1074 subjecto
619 1001 838 1072 depraedicata
859 1002 964 1060 omisso
989 1000 1216 1059 ratiocinandum
1237 1008 1282 1062 est
1322 999 1353 1059 Si
1374 1001 1439 1071 quis

236 1099 323 1170 igitur
336 1098 495 1156 Hermanni
509 1119 605 1157 veram
620 1099 791 1158 sententiam
810 1099 976 1170 impugnare
995 1097 1066 1168 vult,
1088 1097 1177 1168 magis
1199 1117 1255 1170 eas,
1277 1118 1314 1156 ex
1334 1097 1439 1168 quibus

235 1196 321 1258 huius
335 1195 462 1254 definitio
477 1195 609 1266 ellipseos
622 1203 685 1254 orta
699 1203 752 1267 eat,
772 1196 896 1254 rationes
910 1215 996 1266 quam
1010 1193 1204 1253 definitionem
1218 1195 1310 1266 ipsam
1324 1194 1440 1266 aggredi

237 1292 330 1354 debet.
355 1295 357 1298 ’
380 1292 454 1351 Sane
479 1301 576 1351 autem
602 1292 814 1352 eoncedendum
836 1300 880 1350 est
911 1311 973 1350 eam
1002 1311 1059 1350 non
1087 1291 1156 1350 satis
1184 1299 1344 1355 accuratam
1365 1311 1438 1350 esse.

237 1388 321 1460 Quod
341 1390 382 1447 ita
403 1389 444 1460 fit,
466 1397 500 1447 nt
520 1409 553 1448 ea
573 1390 643 1461 ipsis
664 1388 831 1461 rationibus
853 1408 923 1460 quas
937 1387 1121 1447 Hermannus
1134 1388 1164 1445 in
1179 1389 1272 1459 capite
1286 1388 1438 1459 inscripto:

237 1485 313 1556 Quid
334 1506 385 1557 per
406 1486 518 1557 ellipsin
540 1486 635 1545 omitti
656 1487 755 1558 possit,
778 1485 920 1557 exposuit,
942 1505 999 1544 non
1020 1485 1090 1544 satis
1111 1484 1290 1556 respondeat.
1333 1484 1439 1544 Omitti

237 1584 312 1644 enim
334 1591 455 1654 possunt
476 1582 632 1642 seeundum
653 1582 812 1642 Hermanni
833 1583 1014 1653 sententiam,
1041 1581 1213 1653 subjectum,
1236 1581 1346 1653 copula,
1372 1602 1439 1652 pars

237 1679 400 1752 praedicati,
422 1680 440 1738 i.
457 1700 481 1739 e.
504 1681 678 1738 necessariae
699 1689 795 1751 partes
809 1679 854 1738 vel
869 1679 997 1738 membra
1010 1678 1151 1737 enuntiati
1158 1674 1190 1754 1),
1212 1678 1439 1750 simplicissimae

237 1777 416 1847 cogitationis
437 1776 579 1835 formulae
587 1772 620 1853 ²).
653 1775 727 1846 Quia
747 1785 844 1836 autem
858 1777 1032 1836 necessariae
1054 1783 1130 1845 sunt,
1152 1776 1310 1834 necessario
1325 1795 1439 1846 quoque

237 1873 435 1936 desiderantur
454 1881 485 1932 et
504 1873 679 1945 supplendae
700 1881 777 1944 sunt,
806 1874 829 1932 si
851 1874 1031 1932 omittuntur.
1073 1871 1177 1942 Itaque
1204 1873 1309 1930 rectius
1330 1880 1360 1930 et
1387 1873 1439 1943 eis,

238 1989 310 2041 quae
331 1971 525 2042 exposuimus,
547 1971 637 2042 magis
657 1970 833 2042 respondens
854 1970 967 2042 ellipsin
989 1969 1171 2028 omissionem
1191 1969 1322 2028 vocabuli
1343 1968 1440 2026 delini·

237 2068 334 2139 visset,
363 2067 440 2138 quod
467 2068 522 2126 etsi
550 2087 607 2126 non
634 2068 751 2139 dietum,
779 2076 876 2126 tamen
904 2066 1085 2138 cogitandum
1111 2073 1188 2125 esset
1208 2085 1246 2124 sc.
1269 2066 1440 2124 necessitate

237 2165 330 2227 laesae
349 2165 523 2236 integritatis
544 2165 716 2236 syntactioae
738 2173 865 2236 cogente.

318 2260 374 2320 Sed
405 2261 515 2319 accedit
545 2260 631 2332 aliud,
659 2261 736 2332 quod
766 2261 909 2333 praeclare
937 2259 1135 2319 Mehlbornius
1166 2260 1286 2318 monuit.
1338 2258 1441 2318 Potest

238 2359 314 2418 enim
342 2358 403 2416 fieri
428 2378 460 2416 ac
488 2358 521 2415 fit
546 2358 720 2430 saepissime,
749 2365 782 2415 ut
802 2359 836 2429 is,
865 2358 914 2428 qui
934 2357 1058 2428 elliptioe
1084 2357 1226 2427 loquatur,
1255 2354 1440 2414 nihilominus

238 2455 292 2515 sibi
313 2475 370 2513 non
391 2455 520 2513 conscius
542 2455 580 2514 sit
600 2475 631 2513 se
652 2455 692 2514 sic
713 2455 814 2513 dicere.
857 2453 892 2512 Id
914 2453 990 2525 qnod
1011 2461 1073 2511 tum
1093 2453 1217 2511 maxime
1238 2452 1280 2523 lit,
1302 2453 1326 2511 si
1347 2452 1441 2524 ellipsi

239 2552 361 2623 quadam
382 2572 436 2610 usu
451 2553 589 2611 sermonis
603 2559 718 2624 recepto
732 2553 832 2622 utitur,
855 2551 952 2622 quales
973 2550 1022 2608 illa
1036 2549 1169 2610 adverbia
1183 2550 1315 2608 feminini
1329 2550 1441 2621 generis

238 2655 295 2727 dap,
314 2653 399 2726 ταύτῃ,
417 2656 541 2729 τετραπλῇ
562 2658 592 2708 et
619 2668 678 2720 seq.
707 2656 783 2707 sunt.
826 2647 906 2718 Quae
933 2655 993 2706 tam
1021 2647 1118 2706 erebra
1139 2654 1169 2705 et
1194 2657 1345 2707 consuetae
1373 2655 1443 2705 sunt

238 2749 267 2806 in
289 2767 418 2806 sermone
439 2767 548 2818 graeco,
577 2754 610 2804 ut
635 2767 687 2804 nos
709 2765 821 2816 quoque
841 2746 918 2804 inter
944 2744 1095 2816 legendum
1117 2764 1173 2802 non
1195 2763 1307 2814 semper
1327 2743 1441 2814 ellipsin

238 2846 329 2904 teneri
356 2844 521 2902 sentiamus.
564 2842 638 2913 Quia
662 2844 749 2914 igitur
769 2842 907 2902 vocabula
927 2843 1032 2900 omissa
1053 2860 1110 2900 non
1138 2841 1308 2912 cogitantur,
1336 2839 1442 2898 dixerit

239 2943 302 3012 quis
323 2949 353 3000 et
374 2949 464 3011 erant,
486 2941 535 3011 qui
550 2940 676 2998 dicerent
684 2935 708 3016 ³)
728 2938 889 2998 Hermanni
902 2939 1106 3009 definitionem,
1128 2958 1184 3009 qua
1198 2937 1305 3009 ellipsis
1319 2936 1442 3007 appelle-

238 3047 286 3097 tur
313 3038 428 3096 omissio
449 3037 579 3097 vocabuli
610 3036 707 3108 «quod
735 3037 791 3096 etsi
811 3057 868 3096 non
889 3035 1006 3107 dictum,
1035 3042 1131 3094 tamen
1159 3035 1308 3106 cogitetur,
1336 3033 1442 3092 falsam

294 3301 309 3352 ¹)
324 3301 373 3342 Has
387 3301 467 3352 partes
481 3299 589 3341 membra
599 3299 672 3341 unius
682 3298 841 3350 eiusdemque
851 3297 975 3340 enuntiati
990 3308 1042 3340 esse
1053 3307 1084 3339 ex
1098 3297 1175 3339 torma
1184 3293 1338 3346 grammatica
1348 3295 1442 3336 tantum

329 3369 505 3420 cognoscimus.
534 3368 584 3410 Nisi
599 3368 672 3418 igitur
685 3369 794 3411 membro
809 3369 917 3420 quodam
932 3367 1021 3410 omisso
1036 3369 1116 3410 cetera
1134 3365 1211 3408 forma
1224 3363 1334 3407 indicant
1347 3375 1373 3406 se
1388 3375 1442 3406 esse

328 3441 443 3490 membra,
458 3451 521 3491 quae
536 3449 591 3482 enm
607 3439 696 3482 omisso
711 3449 785 3481 unam
800 3439 946 3482 sententiam
956 3437 1068 3488 efficiant,
1083 3437 1153 3480 nnilo
1167 3435 1241 3478 modo
1251 3433 1359 3484 cogimur
1368 3445 1442 3476 mem-

328 3511 398 3552 brum
417 3509 518 3561 aliquod
537 3509 657 3562 supplere.
687 3508 728 3550 Sin
747 3511 829 3552 autem
849 3509 996 3551 eontrarium
1015 3518 1046 3549 ex
1065 3507 1143 3549 torma
1160 3503 1314 3556 grammatica
1334 3506 1442 3556 apparot,

329 3579 466 3622 necessario
481 3579 596 3630 cogimur,
612 3572 694 3622 me'nte
708 3578 801 3630 aliquid
815 3578 917 3630 adicere,
935 3581 962 3620 ut
976 3577 1097 3620 sententia
1110 3576 1205 3626 integra
1218 3575 1333 3626 evadat..

292 3659 309 3711 1)
324 3660 354 3702 ci.
370 3659 473 3710 quaeda
488 3658 647 3709 substantivo,
664 3657 703 3700 oui
717 3657 863 3709 adjectivum
878 3657 1021 3699 attributum
1031 3657 1074 3706 est,
1091 3665 1163 3707 supra
1172 3653 1286 3696 diximus.
1309 3653 1368 3694 Nam
1383 3653 1443 3695 haec

329 3741 427 3782 quoque
441 3729 546 3772 formula
560 3739 603 3781 pro
618 3728 746 3771 enuntiato
760 3727 844 3770 haberi
858 3729 945 3779 potest.

292 3809 310 3861 ²)
324 3808 448 3860 Thierscb,
463 3819 562 3859 gramm¹
577 3817 654 3858 graec.
670 3809 731 3856 1826,
747 3817 769 3858 p.
785 3807 823 3848 581
839 3816 888 3857 seq.

386 3879 439 3921 Non
454 3878 562 3920 alienum
576 3877 672 3920 videtur
690 3877 721 3918 ab
742 3875 784 3926 eia,
805 3886 867 3927 quae
886 3886 909 3927 p.
930 3878 956 3917 10
974 3875 1005 3916 de
1019 3874 1112 3917 voculis
1131 3859 1189 3935 ὅπῃ,
1211 3860 1296 3934 rodrp,
1319 3864 1444 3936 τετραπλῇ

329 3952 413 4000 etseq.
425 3948 539 3999 diximus,
554 3947 641 3990 leviter
655 3949 753 3996 tangere
763 3945 795 3996 id,
812 3945 878 3996 quod
888 3943 1023 3996 itiusgravio
1038 3945 1100 3987 duce
1114 3943 1268 3987 'ihierschius
1283 3945 1307 3985 et
1321 3946 1347 3986 G.
1359 3944 1443 3986 Sohae-

329 4019 394 4061 serus
408 4020 439 4061 de
453 4019 502 4062 illis
516 4017 636 4061 adverbiis
651 4015 829 4067 judicaverunt.
850 4016 987 4058 Probabant
1001 4015 1067 4058 enim
1081 4014 1106 4057 in
1121 4015 1159 4058 his
1173 4013 1199 4056 ld
1213 4013 1351 4065 explicandi
1366 4025 1444 4064 genus

329 4099 389 4140 esse,
406 4090 472 4141 quod
482 4088 631 4139 iiinsgravius
646 4088 797 4128 commentus
812 4084 941 4136 enallagen
956 4096 1056 4128 casuum
1071 4084 1139 4127 dlxii.
1162 4086 1198 4127 Se.
1214 4094 1263 4135 quo
1277 4083 1350 4125 modo
1365 4095 1449 4126 senno·

329 4161 474 4202 Graecorum
493 4157 608 4201 adverbia
622 4157 690 4199 velut
708 4149 735 4209 ἐξ
753 4153 811 4200 ἴσου
828 4155 969 4208 peperisset,
985 4155 1072 4198 eodem
1082 4165 1138 4198 eum
1153 4153 1266 4197 adverbia
1280 4153 1391 4195 seminini
1405 4165 1444 4204 ge-

328 4229 393 4272 neris
412 4239 455 4280 per
474 4229 609 4279 enallagen,
630 4227 677 4279 vel,
697 4231 724 4271 ut
742 4227 817 4270 latine
836 4226 953 4277 dieamus,
973 4235 1016 4277 per
1035 4225 1251 4268 commutationem
1271 4233 1371 4266 casuum
1389 4223 1405 4265 i.
1422 4236 1443 4268 e.

329 4298 406 4342 libero
421 4298 518 4340 arbitrio
537 4309 566 4340 ae
584 4297 660 4348 nulia,
680 4309 728 4348 que
748 4297 912 4350 explicatione
930 4295 1045 4346 indigeat,
1066 4306 1139 4338 eausa
1156 4294 1263 4338 tinxisse.
1297 4294 1344 4336 Sed
1362 4296 1444 4338 tamen

330 4367 423 4418 indiget
433 4368 603 4420 explicatione,
618 4368 743 4418 quomodo
758 4367 809 4410 ileri
820 4366 903 4420 possit,
919 4369 945 4408 nt
960 4365 1106 4416 adjectivum
1121 4377 1152 4408 ex
1166 4367 1244 4408 forma
1261 4357 1288 4417 ἐξ
1307 4361 1364 4408 ἴσου
1381 4375 1444 4416 quae

330 4441 394 4480 certe
404 4437 515 4480 neutrius
525 4437 621 4488 generis
631 4441 675 4489 est,
690 4437 716 4479 in
731 4439 832 4480 sormam
847 4436 958 4480 seminini
972 4438 1085 4478 transeat.
1107 4437 1167 4478 Nam
1177 4435 1323 4486 adjectivum
1333 4433 1444 4478 neutrius

330 4507 429 4558 quidem
443 4507 538 4556 generis
552 4519 611 4550 sanc
625 4518 669 4559 per
682 4518 708 4550 se
723 4507 770 4549 diei
785 4509 871 4560 potest,
891 4505 1009 4558 quiahoc
1023 4516 1120 4558 genere,
1141 4506 1216 4559 (qnod
1230 4517 1256 4552 re
1270 4517 1327 4550 vera
1346 4505 1443 4548 nullum
