3204 5126
285 1249 536 1359 effusus
579 1247 1128 1361 oouuuovultsnu:

122 1553 147 1602 l.
176 1550 285 1603 Locutio
304 1547 318 1601 ὅ
337 1546 415 1616 πάνυ,
439 1568 505 1617 quae
524 1549 618 1618 legitur
635 1550 662 1604 in
681 1551 784 1619 seriptis
801 1550 947 1619 Lucianeis,
971 1569 1023 1604 non
1041 1569 1088 1620 per
1106 1551 1208 1619 ellipsin
1228 1551 1307 1619 expli-

176 1655 266 1723 canda,
292 1655 338 1708 sed
363 1655 473 1709 formula
498 1663 545 1723 est,
572 1673 649 1723 quom
667 1655 797 1709 Lucienus
822 1655 1038 1725 a'Xenophonte
1064 1657 1182 1722 (Memor.
1202 1657 1252 1724 ΙΙΙ,
1279 1655 1306 1722 5)

176 1759 225 1813 sibi
243 1761 360 1829 sumpsit.

120 1902 146 1949 2.
176 1899 207 1950 In
232 1898 342 1952 formula
365 1894 443 1951 οὐδὲν
462 1895 478 1962 ἢ
497 1917 548 1952 non
572 1917 624 1951 vox
646 1895 711 1950 ἄλλο
735 1899 886 1967 supplenda,
910 1899 956 1952 sed
974 1899 1085 1968 negotio,
1109 1907 1137 1952 ut
1159 1899 1196 1952 ita
1211 1898 1307 1980 vdicum,

175 2002 283 2056 relativa
301 2011 347 2057 est.

121 2143 147 2192 3.
174 2141 315 2195 Enuntiuta
332 2143 469 2210 hottative,
495 2142 522 2194 in
541 2141 633 2210 quibus
652 2139 722 2200 ὅπως
740 2160 799 2195 cum
821 2143 962 2196 indicativo
985 2143 1063 2195 suturi
1087 2142 1251 2210 conjungitur
1269 2161 1305 2195 se·

175 2247 286 2300 eundum
309 2248 504 2315 grammaticam
527 2265 616 2301 eorum
640 2248 766 2301 notionem
785 2266 832 2316 pro
858 2247 987 2316 primariis
1010 2247 1100 2301 haberi
1124 2266 1177 2301 nou
1195 2255 1304 2316 possunt

174 2352 219 2406 sed
238 2353 389 2406 secundarie
407 2353 523 2421 elliptica
540 2361 606 2406 sunt.

120 2492 144 2541 4.
173 2491 204 2542 In
229 2491 345 2544 oratione
368 2510 416 2560 pro
441 2491 597 2560 Euxenippo
621 2493 654 2544 ab
677 2490 811 2560 Hyperide
836 2491 925 2544 habite
948 2491 997 2544 ool.
1021 2491 1100 2559 XXI,
1119 2511 1143 2543 v.
1158 2495 1201 2558 22,
1220 2491 1307 2558 leutio,

173 2613 239 2662 quae
258 2602 296 2649 est
314 2597 341 2648 in
360 2597 385 2649 A
398 2614 473 2664 corn,
491 2596 597 2669 γραφαὶ
616 2593 737 2664 ἀσεβείας
755 2614 815 2650 vere
834 2603 859 2649 et
878 2597 945 2648 εἰσίν
963 2604 1049 2648 mente
1068 2595 1239 2664 supplendum
1259 2603 1307 2648 est.

121 2736 145 2784 δ.
175 2734 206 2785 In
219 2734 403 2803 Xenophontis
422 2735 466 2803 qui
484 2735 565 2787 fertur
583 2734 672 2788 libello
691 2735 723 2788 de
742 2753 769 2788 re
787 2735 893 2803 publice
911 2733 1108 2787 Atheniensium
1127 2736 1150 2802 Ι,
1170 2739 1185 2786 6
1206 2741 1232 2786 et
1249 2742 1309 2802 post

173 2839 253 2891 verbe
277 2835 344 2891 ἀλλὰ
364 2835 426 2898 τούς
445 2834 612 2899 debuerimus
631 2839 676 2890 καὶ
701 2836 820 2911 ἀρίστους
839 2847 942 2909 etpost
964 2841 990 2890 εἰ
1009 2839 1061 2909 μὲν
1079 2835 1133 2911 yde
1151 2840 1177 2889 οἱ
1195 2845 1312 2910 χρηστοί

174 2944 324 2997 adverbium
349 2941 435 3015 μόνον
461 2943 628 2997 desideratur.
672 2945 764 3019 Neque
790 2962 851 2997 vero
876 2962 947 2997 error
969 2944 1067 2996 librarii
1090 2945 1133 2997 hic
1156 2943 1238 2996 teneri
1263 2943 1327 2996 sed¹

174 3049 307 3117 scriptoris
325 3049 406 3119 ipsius
425 3049 485 3102 stilo
503 3067 594 3118 porum
613 3049 695 3118 polito
714 3050 779 3102 haee
799 3049 903 3103 omissio
922 3049 1058 3102 tribuendo
1076 3049 1178 3102 videtur
1196 3066 1259 3102 esse.

526 3475 892 3532 —sstsstssufflffim-
