3204 5126
766 325 925 384 -12—

242 531 332 606 ὥσπερ
350 529 453 606 δρόσον.
487 524 568 597 Disp.
591 545 614 582 c.
637 523 764 584 Hesiodo
785 522 803 582 7
826 522 866 600 (3,
888 522 972 602 245)
999 530 1087 593 ὕοντος
1105 540 1150 588 τοῦ
1169 540 1242 589 θεοῦ.
1284 531 1403 604 Dipsad.
1427 533 1447 593 2

242 624 282 702 (3,
305 623 390 701 235):
417 627 495 684 ὕοντα
513 627 559 683 τόν
577 627 644 683 θεὸν
661 627 823 704 τηρήσαντες.

321 734 433 805 βροντὴ
462 721 533 792 Jup.
555 729 626 792 trag.
656 717 694 780 45
716 717 756 795 (2,
780 718 850 797 693)
876 720 1016 779 Timocles
1042 724 1149 782 stoicus
1177 725 1217 783 sic
1244 728 1446 789 ratiocinatur:

242 825 304 880 οὐδὲ
321 831 481 901 βροντῶντος
499 823 552 898 ἄρα
570 829 615 878 τοῦ
627 820 688 882 Διὸς
706 820 819 890 dautran,
838 818 859 876 oi
876 822 997 896 θεομάχε
1009 831 1093 899 Δᾶμι;
1116 818 1184 895 (Hic
1198 842 1295 883 rursus
1309 825 1449 897 Juppiter

242 919 372 990 consulto
393 917 565 987 nominatm·,
587 916 653 986 quia
673 914 823 985 TimoclcS,
845 923 879 972 ut
898 924 963 992 utar
983 936 1050 976 vore
1071 917 1276 992 philosophica,
1304 943 1354 993 per
1375 926 1448 995 peti-

243 1017 350 1076 tionem
371 1013 502 1085 principii
523 1012 675 1083 concludit,
697 1011 719 1071 J
720 1032 802 1070 ovem
823 1013 955 1084 existere,
977 1014 1043 1084 quia
1064 1014 1167 1091 tonet.)

323 1111 402 1170 Haec
430 1110 525 1168 omnia
553 1109 691 1167 eiusmodi
719 1108 851 1180 exempla
878 1117 954 1180 sunt,
986 1112 1015 1168 in
1044 1112 1147 1182 quibus
1177 1114 1341 1185 subjectum
1369 1118 1447 1188 apud

242 1209 401 1272 Lucianum
426 1206 555 1265 additum
581 1207 767 1278 repperimus.
810 1205 963 1265 Omittitur
988 1215 1101 1266 tantum
1122 1210 1207 1269 modo
1228 1213 1273 1269 in:
1303 1212 1338 1270 de
1358 1234 1446 1272 merc.

243 1306 325 1366 cond.
347 1303 385 1364 32
407 1303 447 1380 (1,
462 1300 533 1380 691)
553 1305 643 1368 ὕοντος
661 1309 691 1361 δὲ
709 1305 834 1368 πολλάκις
852 1306 961 1370 ὕστατος
979 1309 1069 1364 ἐλθών
1088 1343 1121 1350 -
1139 1309 1167 1365 τὸ
1180 1316 1272 1384 ζεῦγος
1288 1321 1446 1389 περιμένεις.

322 1401 451 1461 Verbum
472 1404 628 1476 ἐσάλπιμξιν
648 1398 723 1471 apud
745 1400 902 1458 Lucianum
928 1421 985 1459 non
1009 1403 1178 1475 invenimus,
1204 1419 1328 1482 σημαίνει
1349 1415 1447 1466 autem

243 1521 300 1560 non
331 1499 414 1558 aliter
444 1505 530 1568 atque
558 1496 594 1554 ad
621 1517 771 1568 personam
799 1497 936 1556 relatum:
968 1497 1055 1556 Zeux.
1078 1498 1097 1557 9
1122 1498 1163 1575 (1,
1185 1499 1256 1578 847)
1284 1508 1393 1563 ἐπειδᾶν
1416 1512 1447 1564 dt

243 1602 345 1676 σημῆνη
364 1600 379 1654 ὕ
398 1597 564 1671 σαλπιγκτής,
597 1593 698 1664 Navig.
722 1592 760 1652 36
782 1591 821 1668 (3,
843 1592 914 1670 272)
935 1597 1045 1656 ἐπειδᾶν
1068 1603 1097 1656 dr}
1122 1601 1226 1676 σημάνῃ
1249 1603 1264 1658 ὅ
1288 1605 1448 1677 σαλπιγκτής

243 1693 296 1770 (sic
316 1690 470 1768 Jacobitu.)

322 1789 471 1850 Formulas
492 1797 588 1847 autem
603 1791 651 1862 to,
669 1799 774 1868 ῥρονιᾷ,
794 1802 867 1865 νίρει
885 1788 1004 1847 Luciani
1025 1790 1140 1861 quidem
1161 1792 1337 1863 temporibus
1358 1795 1445 1852 etiam

246 1886 515 1960 «impersonaliter»
540 1887 678 1957 cogitatas
699 1893 729 1943 et
749 1883 840 1944 dictas
861 1906 923 1944 esse
944 1887 1130 1946 manifestum
1150 1897 1244 1947 estex
1258 1890 1313 1948 hoc
1327 1891 1446 1949 Luciani

243 1987 320 2045 loco:
353 1985 510 2042 Icaromen.
537 1980 576 2040 26
602 1979 642 2057 (2,
664 1979 735 2059 783)
761 1994 912 2063 προσέταττε
939 1979 989 2058 (sc.
1016 1983 1164 2062 Juppirer)
1190 1995 1241 2052 τοῖς
1266 1991 1375 2065 ἀνέμοις
1400 1997 1446 2046 καὶ

242 2092 298 2148 ταῖς
317 2085 407 2162 τῦραις,
425 2085 444 2139 οἳ
463 2087 505 2139 δεῖ
520 2088 619 2139 ποιεῖν·
638 2083 752 2158 τήμερον
763 2085 835 2159 παρα
848 2083 970 2145 Σκύθαις
982 2084 1054 2154 ditor,
1073 2085 1144 2162 παρὰ
1158 2086 1272 2158 Λιβῦσιν
1284 2088 1446 2163 ἀστραπτέτω

243 2185 304 2259 παρ’
320 2182 428 2250 Ἕλλησι
446 2188 551 2254 νιφέτω.
593 2177 630 2234 ln
651 2176 696 2234 his
716 2177 803 2248 igitur
824 2176 931 2248 ellipsis
952 2198 1009 2237 non
1031 2179 1182 2237 statuenda
1203 2189 1256 2251 cst,
1280 2201 1344 2238 nam
1359 2182 1447 2241 verba

247 2275 488 2350 «impersonalia»
512 2273 637 2345 elliptica
658 2293 715 2331 non
736 2282 812 2343 sunt,
835 2275 901 2344 quia
922 2273 1085 2344 subjectum
1104 2295 1161 2334 non
1175 2276 1265 2349 abest,
1287 2278 1337 2336 sed
1352 2280 1447 2336 termi-

244 2374 358 2432 natione
379 2371 458 2431 verbi
484 2371 553 2428 satis
578 2370 728 2428 indicatur.
771 2369 834 2428 Hac
855 2372 931 2429 enim
959 2371 1030 2428 nihil
1051 2373 1106 2430 nisi
1126 2393 1171 2431 res
1192 2374 1237 2433 vel
1263 2376 1346 2446 actio,
1374 2395 1446 2446 quac

244 2473 273 2531 in
300 2469 387 2529 verbo
412 2469 496 2540 inest,
528 2468 591 2539 ipsa
619 2467 794 2539 significatm·
822 2487 854 2525 ac
881 2471 943 2526 tota
968 2468 1047 2527 verbi
1078 2489 1090 2522 «
1101 2470 1298 2540 impersonalis
1309 2491 1321 2524 »
1352 2472 1447 2530 forma

244 2567 315 2626 nihil
343 2567 397 2625 nisi
424 2566 498 2623 hanc
525 2584 586 2622 rem
606 2564 652 2623 vel
680 2565 821 2623 uodonem
849 2565 972 2623 existere
999 2566 1169 2636 exprimitur
1196 2568 1234 2626 cf.
1257 2567 1445 2628 Schoemann.

243 2665 298 2724 Die
313 2663 406 2724 Lehre
420 2682 476 2721 von
498 2661 552 2719 den
566 2659 847 2732 Redctcilen,1862,
869 2682 897 2732 p.
913 2659 960 2720 29.
993 2661 1049 2720 Sed
1069 2663 1099 2720 in
1120 2663 1169 2722 illo
1190 2664 1279 2724 altero
1301 2667 1445 2738 exemplo:

243 2767 334 2830 ὕοντος
352 2768 381 2820 οἱ
400 2762 525 2824 πολλάκις
545 2768 599 2817 etc.
615 2758 650 2816 de
669 2778 753 2816 merc.
770 2757 850 2816 cond.
867 2757 905 2818 32
926 2756 966 2834 (1,
987 2757 1057 2834 696)
1079 2762 1174 2830 potius
1196 2761 1303 2832 ellipsis
1324 2755 1447 2822 nominis

244 2871 310 2918 orco
331 2858 377 2917 vel
402 2859 463 2922 Διός
489 2855 680 2927 intellegenda
707 2876 769 2914 csse
797 2856 868 2913 milri
893 2855 1014 2915 videtur.
1056 2857 1160 2927 ltaque
1187 2858 1373 2929 judicandum
1402 2871 1448 2919 est

244 2956 400 3016 Lucianum
423 2955 536 3026 partim,
563 2973 627 3011 cnm
648 2973 729 3010 suam
750 2953 785 3010 de
807 2961 908 3011 natura
929 2952 1045 3011 deorum
1072 2956 1243 3012 sententiam
1270 2965 1446 3029 sequeretur,

244 3054 330 3114 verba
356 3056 397 3112 ὕει
422 3061 476 3109 etc.
499 3057 532 3108 ut
559 3050 758 3120 impersonalia
779 3051 917 3121 posuisse,
939 3051 1043 3120 partim
1064 3058 1094 3108 ct
1114 3053 1210 3122 potius
1231 3073 1296 3110 cum
1316 3062 1447 3112 veterum

245 3143 356 3209 dicendi
374 3169 458 3208 usum
479 3148 639 3206 imitaretur
653 3155 703 3204 aut
721 3147 834 3218 ellipsin
848 3147 995 3205 admisisse
1011 3155 1060 3204 aut
1074 3148 1158 3218 plene
1172 3148 1314 3208 dicentem
1329 3150 1447 3210 deorum

244 3248 359 3305 nomina
379 3246 415 3304 ad
436 3245 484 3303 illa
504 3244 591 3304 verba
612 3245 786 3316 apposuisse.

325 3343 381 3402 Sed
408 3343 479 3401 haec
507 3341 632 3413 subjecti
660 3341 776 3412 ellipsis,
806 3360 856 3412 per·
883 3359 968 3411 quam
997 3340 1161 3412 subjectum
1182 3344 1242 3401 veri
1263 3352 1294 3402 et
1319 3347 1447 3416 expressi

245 3441 386 3500 enuntiati
405 3440 556 3510 omittitur,
578 3438 670 3497 multo
691 3439 781 3496 rarius
803 3439 933 3509 occmrit,
956 3458 1041 3508 quam
1055 3438 1104 3496 illa
1125 3438 1223 3509 altera,
1243 3441 1273 3498 in
1295 3461 1351 3512 qua
1367 3462 1448 3500 voca-

244 3538 344 3597 bulum
365 3536 508 3608 quoddam
530 3556 586 3594 non
608 3556 659 3606 pro
680 3535 775 3592 forma
796 3535 845 3593 scd
867 3555 918 3606 pro
939 3537 1048 3594 ratione
1070 3536 1234 3607 subjectum
1256 3547 1309 3608 est,
1335 3540 1353 3596 i.
1376 3559 1400 3596 e.
1423 3540 1448 3597 si

245 3634 456 3694 substantivum
477 3633 662 3704 conjungitur
683 3651 747 3690 eum
768 3631 917 3703 attributo,
946 3653 969 3690 c.
992 3653 1032 3703 gr.
1056 3634 1079 3690 si
1100 3634 1130 3690 in
1149 3644 1179 3709 τῇ
1197 3647 1265 3713 τρίτη
1285 3640 1370 3714 ἡμέρᾳ
1391 3657 1448 3694 vox

245 3736 330 3812 ἡμέρᾳ
356 3730 551 3803 supprimitur.
595 3728 678 3800 Quod
705 3749 794 3800 genus
823 3729 964 3800 ellipseos,
993 3737 1026 3788 ut
1053 3729 1129 3800 apud
1157 3750 1256 3789 omnes
1284 3733 1447 3803 scriptores,

245 3829 285 3886 sic
306 3829 382 3900 apud
402 3828 559 3887 Lucianum
582 3827 747 3898 saepissime
768 3826 879 3897 legitur.

325 3925 381 3984 Sed
402 3945 533 3997 magnam
554 3925 639 3982 huius
661 3923 793 3994 ellipscos
808 3923 917 3994 copiam
939 3924 1095 3994 posteriorc
1116 3932 1245 3995 tempore
1259 3925 1447 3996 evulgandam

244 4031 455 4094 praetereamus
476 4022 600 4092 interim,
627 4041 662 4078 ne
683 4021 819 4078 lectorem
847 4020 1010 4092 fatigemus.
1053 4020 1242 4080 Transeamus
1270 4022 1306 4080 ad
1334 4021 1447 4094 ellipsin

244 4119 460 4190 adjectivorum.

600 4262 899 4347 adjectivorum
924 4263 1081 4346 ellipsis.

324 4405 544 4476 Adjeetivornm
570 4405 694 4476 omissio,
726 4412 759 4462 ut
782 4408 841 4476 jam
869 4424 955 4475 supra
979 4403 1112 4476 diximus,
1144 4405 1237 4476 quoad
1265 4405 1379 4475 quidem
1404 4407 1447 4464 vis

245 4501 399 4573 praedicati
419 4503 449 4560 in
470 4502 511 4560 eis
532 4503 616 4574 inest,
637 4502 698 4560 fieri
719 4522 775 4560 non
797 4507 901 4574 potest.
938 4500 983 4560 Ibi
1005 4509 1117 4560 tantum
1139 4503 1252 4573 agnosci
1271 4510 1376 4574 potest,
1398 4502 1447 4561 ubi
