3204 5126
686 364 826 422 ,9-

150 578 187 616 eo
212 565 350 630 versatur,
375 565 409 616 ut
434 579 491 617 non
517 580 615 619 omnes
641 562 818 632 omissiones,
845 561 919 618 sicut
945 579 1030 632 supra
1055 559 1178 618 vidimus
1199 568 1357 631 generatas,

150 655 309 713 rhetorices
331 656 446 727 ellipses
461 656 553 714 dicere
568 658 719 728 possimus,
741 658 853 716 sedeas
868 665 991 728 tantum,
1014 656 1117 728 quibus
1131 658 1251 728 quisquc
1265 645 1359 715 rheto-

150 754 212 810 rico
233 752 350 812 consilio
371 761 477 811 utatur.
520 754 619 824 Atque
639 751 823 831 Helbigius1)
848 774 899 812 suo
921 758 985 825 jure
1007 775 1048 825 ea,
1062 753 1106 836 ‘dc
1132 754 1234 824 quibus
1255 755 1357 825 agitur,

151 850 345 920 appellatione
367 850 497 909 consulto
519 850 600 909 nobis
622 850 736 910 videtur
756 851 937 910 abstinuisse.

234 946 367 1017 Helbigio
393 955 503 1017 autem,
531 967 616 1026 quem
643 949 673 1005 in
701 949 794 1020 priore
820 949 986 1019 quaestione
1014 956 1090 1006 recte
1119 947 1272 1018 judicasse
1289 947 1359 1005 dixi-

151 1064 228 1114 mus,
249 1046 278 1101 in
299 1064 333 1102 eo
347 1045 480 1102 assentiri
494 1065 551 1102 non
566 1064 726 1116 possumne,
749 1045 825 1116 quod
843 1044 872 1102 id
887 1065 975 1116 genus
991 1045 1161 1114 omissionis,
1183 1044 1259 1115 quod
1273 1045 1359 1115 vulgo

151 1145 207 1200 ἀπὸ
225 1152 315 1200 καινοῦ
336 1141 506 1212 appellatur,
532 1144 670 1212 genuinae
697 1142 789 1213 ellipsi
816 1142 975 1214 adscripsit.
1017 1141 1092 1199 Nam
1117 1142 1146 1198 iu
1171 1141 1225 1199 hoc
1246 1161 1359 1213 genere,

152 1247 189 1296 ut
208 1241 268 1308 jam
286 1238 466 1296 Hermannus
485 1247 515 1296 et
535 1247 601 1310 post
622 1259 687 1296 eum
705 1239 904 1297 Mehlhornius
925 1240 1080 1309 evicerunt,
1102 1258 1167 1310 pars
1188 1258 1245 1296 non
1260 1239 1360 1309 ¹posita

153 1343 305 1406 propterea
326 1355 383 1393 non
408 1354 524 1406 prorsus
546 1337 650 1394 omissa
668 1344 721 1406 est,
750 1336 827 1408 quod
847 1337 877 1393 in
898 1334 1132 1394 antecedentibus
1152 1335 1198 1393 vel
1219 1335 1361 1407 sequenti-

153 1433 209 1491 bus
231 1433 323 1502 posita
344 1440 374 1490 et
398 1432 465 1490 inde
485 1432 641 1504 repetenda
662 1440 715 1503 est,
741 1453 807 1490 nam
835 1433 1012 1503 aliquantum
1038 1433 1177 1490 interesse
1204 1433 1279 1490 inter
1305 1432 1360 1489 hoc
1417 1457 1422 1465 ·

155 1528 342 1587 subaudiendi
363 1549 453 1600 genus
479 1537 509 1586 et
532 1529 613 1600 illud,
640 1529 716 1602 quod
740 1529 770 1585 in
798 1550 865 1589 vera
889 1529 983 1600 ellipsi
1009 1529 1128 1600 obtinet,
1155 1532 1215 1600 jam
1242 1548 1328 1599 supra
1336 1523 1360 1604 2)

155 1627 349 1697 exposuimus.
391 1625 495 1696 Itaque
521 1635 596 1684 enat
622 1625 782 1697 HelbigiuS,
809 1628 834 1685 si
854 1625 1053 1684 Hermannum
1079 1646 1095 1683 a
1120 1625 1303 1684 Mehlhornio
1328 1645 1361 1682 ea

156 1723 191 1780 dc
227 1743 310 1780 causa
344 1723 500 1804 vituperari
532 1722 688 1794 contendit,
717 1723 793 1793 quod
821 1735 911 1802 σχῆμα
937 1727 988 1781 απὸ
1011 1734 1103 1781 καινοῦ
1131 1744 1147 1780 a
1174 1742 1241 1782 vcra
1268 1721 1361 1793 ellipsi

157 1820 317 1890 sejunxerit
325 1815 357 1894 ³).
411 1819 506 1877 Immo
543 1839 610 1878 vero
641 1819 839 1878 Mehlhornius
871 1821 942 1878 nihil
979 1820 1033 1878 nisi
1071 1819 1269 1877 Hermannum
1307 1819 1362 1877 hoc

160 1927 288 1994 «σχῆμα»
317 1916 401 1973 nimis
424 1915 516 1974 obiter
536 1917 702 1975 tractavisse
728 1917 874 1974 existimat
899 1926 985 1988 atque
1011 1937 1076 1975 cum
1101 1916 1156 1975 hoc
1181 1917 1361 1974 consentiens
1430 1959 1433 1965 Δ

157 2021 254 2084 aperte
280 2013 359 2084 dicit,
389 2013 413 2070 si
435 2012 560 2082 quidex
584 2014 780 2084 «praegressis
800 2014 846 2072 vel
868 2013 1077 2085 sequentibus»
1105 2011 1293 2084 repetendum
1314 2013 1361 2083 sit,

158 2111 187 2168 id
209 2131 264 2169 non
285 2110 369 2181 plane
391 2108 500 2179 abesse,
522 2109 571 2168 sed
592 2113 653 2180 jam
674 2111 799 2182 positum
821 2130 891 2169 esse.

236 2207 355 2266 Praeter
383 2206 498 2264 schema
525 2210 550 2265 εἰ.
571 2231 594 2266 κ.
627 2215 723 2266 autem
755 2207 832 2265 aliud
860 2228 973 2279 quoque
1008 2227 1097 2279 genus
1132 2206 1253 2277 dicendi,
1286 2205 1362 2277 quod

159 2305 348 2363 Boettehcrus
376 2303 469 2373 ellipsi
489 2303 599 2374 tribuit,
629 2305 663 2363 ab
692 2305 752 2362 eius
780 2304 884 2362 finibus
913 2304 1121 2364 excludendum
1143 2323 1205 2362 esse
1227 2310 1361 2374 putamus

158 2421 197 2459 sc.
218 2401 256 2471 id,
282 2402 312 2458 in
339 2420 395 2471 quo
422 2399 596 2459 adverbum
622 2401 803 2458 transitivum
830 2422 880 2472 pro
905 2402 1086 2460 intransitive
1112 2401 1237 2473 positum
1259 2421 1275 2458 a
1295 2420 1363 2458 non·

158 2498 242 2556 nullis
268 2497 415 2568 objectum
442 2498 603 2568 requiritur,
629 2497 709 2555 velut
734 2497 769 2555 ad
802 2501 923 2558 ε’λαύνειν
945 2502 1020 2579 ἅρμα
1045 2499 1091 2558 vel
1112 2506 1199 2556 λαντον.
1241 2496 1363 2555 Miratur

158 2595 358 2665 BoettchcruS,
391 2593 467 2664 quod
499 2614 582 2652 nemo
614 2595 739 2653 virorum
771 2594 919 2654 doctorum
950 2603 1035 2653 antea
1064 2595 1133 2653 talia
1163 2595 1193 2652 in
1219 2589 1381 2664 ellipsium‘

159 2712 275 2750 numero
293 2691 428 2750 habuerit
452 2690 671 2763 diligentiusque
697 2693 871 2763 tractaverit,
898 2712 1070 2763 quamquam
1096 2691 1196 2750 codem
1214 2694 1279 2762 jure
1305 2690 1363 2748 elli-

159 2809 240 2860 pseos
262 2789 378 2846 nomine
399 2787 484 2859 digna
504 2795 609 2859 essent,
638 2807 694 2858 quo
720 2788 780 2846 illa:
810 2797 940 2863 σαλπίζει,
966 2793 1006 2848 ύει
1032 2797 1062 2846 et
1087 2789 1133 2860 al.,
1161 2790 1191 2846 in
1211 2788 1261 2845 ·his
1287 2789 1363 2845 enim

160 2885 333 2956 subjectum,
354 2885 383 2942 in
404 2884 460 2942 illis
482 2884 629 2956 objectum
650 2893 746 2942 mente
768 2886 958 2957 supplendum
980 2905 1050 2944 esse.
1088 2885 1144 2944 Sed
1164 2894 1261 2948 tamen
1281 2884 1362 2943 nobis

160 2983 287 3041 condicio
307 2983 456 3052 utriusque
477 2983 588 3052 generis
610 3002 666 3039 non
688 2981 787 3039 cadem
807 2983 921 3041 videtur
942 3003 1012 3042 esse.
1048 2982 1122 3040 Nam
1144 2992 1177 3041 ut
1191 2982 1226 3039 ad
1241 2989 1363 3050 σαλπίζει

159 3100 271 3152 nomen,
294 3079 372 3150 quod
386 3079 510 3149 subjecti
524 3079 586 3136 loco
601 3079 648 3150 sit,
670 3079 838 3150 requiratur,
860 3081 1061 3138 terminatione
1074 3079 1163 3150 verbi,
1180 3079 1364 3150 grammatica

158 3178 245 3247 igitur
271 3196 365 3246 causa,
392 3175 559 3235 adducimur
579 3197 671 3248 neque
697 3177 757 3236 solo
782 3197 837 3235 usu
859 3177 984 3234 nitimur.
1026 3176 1070 3235 Ut
1094 3185 1190 3234 autem
1216 3175 1368 3246 objectum.

160 3273 195 3331 ad
219 3273 268 3331 illa
295 3273 382 3332 verba
406 3281 503 3331 mente
529 3274 692 3345 adiciamus,
718 3274 796 3332 nulla
823 3275 1007 3344 grammatica
1034 3293 1246 3331 commovemur
1270 3292 1363 3344 causa,

160 3371 209 3428 sed
237 3370 273 3428 ad
302 3389 387 3428 usum
415 3370 638 3441 confugiendum
667 3379 720 3442 est,
750 3391 806 3442 quo
833 3370 977 3428 interdum
1006 3389 1058 3428 nos
1084 3371 1176 3440 decipi
1201 3369 1281 3428 Bosii
1308 3369 1364 3427 alio

160 3481 278 3540 rumque
301 3467 431 3537 exempla
452 3467 564 3525 docent.
600 3468 641 3525 Hi
662 3469 737 3526 enim
759 3467 833 3525 falsa
853 3467 902 3524 illa
921 3468 1031 3525 ratione
1053 3466 1216 3537 utebantur,
1237 3475 1271 3524 ut
1284 3485 1364 3525 voea-

160 3564 258 3623 bulum
280 3563 471 3634 supplendum
491 3563 636 3636 ducerent,
658 3566 682 3622 si
704 3564 771 3623 alibi
787 3564 916 3622 additum
930 3564 1122 3623 inveniebant.
1155 3561 1247 3621 (lausa
1268 3563 1363 3633 igitur,

161 3679 210 3718 cur
230 3681 255 3718 e.
277 3681 319 3731 gr.
345 3662 375 3717 in
395 3660 481 3718 verbo
503 3663 626 3720 ἐλαύνειν
646 3661 759 3732 ellipsin
781 3669 949 3731 statuamus
976 3681 1012 3718 ex
1038 3681 1071 3719 eo
1099 3661 1159 3731 peti
1180 3680 1236 3718 non
1259 3667 1364 3730 potest,

162 3757 237 3827 quod
263 3758 319 3815 hoc
346 3757 490 3816 interdum
511 3777 576 3815 eum
605 3758 719 3829 objecto
740 3761 815 3838 ἅρμα
835 3757 881 3816 vel
903 3765 983 3817 λἰιαον
1011 3761 1197 3828 conjunctum
1224 3755 1364 3815 videmus.

162 3853 217 3912 Sed
248 3855 317 3912 talia
347 3854 433 3914 verba
463 3855 524 3912 sinc
550 3854 674 3926 objecto,
707 3854 783 3925 quod
814 3874 912 3913 eorum
940 3856 1050 3913 actione
1082 3854 1227 3923 afficiatur,
1260 3872 1311 3924 per
1334 3872 1364 3910 se

162 3951 287 4022 intellegi
313 3960 441 4022 possunt.
484 3951 527 4008 Ea
552 3952 628 4009 enim
654 3953 727 4009 actio
753 3951 809 4008 illis
835 3952 1018 4023 significatur,
1047 3972 1103 4022 qua
1131 3950 1201 4007 nihil
1228 3949 1365 4007 efficiatur

164 4048 216 4104 nisi
241 4049 315 4106 actio
340 4048 419 4107 verbi
443 4049 506 4119 ipsa
532 4069 624 4119 neque
650 4049 754 4106 transit
780 4048 814 4106 ad
840 4047 918 4105 aliud
944 4049 1088 4119 quiddam,
1115 4047 1165 4105 sed
1190 4047 1249 4104 suis
1275 4047 1364 4116 ipsius

164 4143 265 4203 finibus
287 4145 391 4202 circum
413 4144 553 4203 scribitur.
586 4145 620 4202 u.
642 4165 683 4216 gr.
719 4145 749 4203 Si
771 4146 834 4216 quis
855 4145 1011 4204 inducitur:
1039 4148 1166 4216 ἐλαύνων,
1187 4143 1241 4201 hoc
1262 4163 1313 4214 per
1334 4163 1364 4202 se

217 4396 232 4446 ¹)
247 4395 372 4448 Helblgus,
387 4409 410 4449 p.
426 4400 446 4448 t,
461 4399 517 4441 adn.
535 4402 554 4441 1.

216 4474 365 4527 bmpss

216 4553 341 4604 ³)1relbig,
357 4566 381 4606 p.
396 4557 416 4606 4,
432 4555 488 4597 adn.
504 4557 524 4597 1.
