3204 5126
628 982 936 1088 VITA.

706 1240 855 1265 ωαψς-

248 1449 353 1550 Natus
372 1516 428 1550 sum
447 1498 532 1550 idibus
545 1497 680 1565 Aprilibus
693 1513 715 1548 a.
732 1497 799 1548 1860
819 1495 971 1564 Postampii.
999 1495 1074 1548 Fidei
1092 1495 1210 1549 addictus
1229 1514 1285 1549 sum
1305 1513 1379 1548 evan·
1434 1525 1436 1530 ·

178 1605 285 1671 gelicae.
321 1603 423 1655 Primus
442 1604 585 1656 litterarum
604 1603 738 1654 clementis
756 1602 896 1654 instructus
918 1619 983 1670 puer
1000 1603 1057 1653 XII
1080 1619 1204 1654 annorum
1223 1602 1290 1654 inter
1308 1602 1381 1654 disci-

178 1709 254 1776 pulos
272 1708 399 1774 gymnasii
418 1708 621 1776 Postampiensis
640 1714 759 1775 receptus
771 1725 842 1772 sum,
867 1706 936 1772 quod
954 1713 1046 1775 postea
1064 1714 1163 1759 rectore
1176 1707 1270 1760 Valzio
1289 1725 1305 1759 a
1323 1707 1382 1759 Vic-

178 1813 259 1865 toriae
285 1813 408 1881 principis
434 1812 537 1865 nornine
551 1811 857 1877 Victoria-Gymnasium
883 1812 1042 1879 appellatum
1073 1819 1118 1864 est.
1164 1811 1217 1864 Ubi
1244 1830 1291 1880 per
1313 1812 1382 1864 VIII

178 1935 259 1970 annos
278 1917 369 1970 litteris
382 1917 576 1970 humanioribus
589 1916 703 1969 emditus
716 1916 871 1969 maturitatis
883 1915 1057 1968 testimonium
1071 1916 1179 1983 adeptus
1197 1935 1252 1968 sum
1266 1935 1288 1968 a.
1305 1921 1314 1967 ,Ι
1321 1919 1381 1968 880.

178 2022 289 2074 Militaui
312 2039 360 2090 per
382 2041 460 2074 uuum
479 2041 575 2074 annum
594 2021 746 2089 Postarnpii,
773 2021 799 2072 in
818 2021 919 2087 legione
938 2021 991 2088 illo,
1016 2021 1057 2072 cui
1076 2022 1163 2073 nostrii
1182 2021 1270 2088 linguis
1288 2039 1381 2075 nomen

178 2133 229 2178 est:
250 2128 270 2178 Ι.
285 2126 518 2194 Gurdo-Regiment
537 2146 558 2179 n.
573 2127 602 2178 F.
632 2126 739 2178 Militari
760 2143 865 2178 munere
884 2125 986 2178 functus
999 2125 1148 2178 Berolinum
1167 2127 1298 2193 profectus
1317 2145 1381 2193 sum,

178 2231 221 2283 ubi
239 2249 286 2299 per
305 2231 385 2284 octies
404 2249 450 2284 sex
469 2250 569 2284 menses
588 2233 620 2283 ab
640 2249 707 2283 anno
728 2233 794 2283 1881
815 2230 848 2282 ad
869 2233 936 2282 1885
956 2230 1121 2298 philologieis
1144 2230 1235 2283 studiis
1254 2249 1294 2283 mc
1314 2230 1380 2283 dedi.

178 2336 280 2389 Scholis
292 2336 397 2388 interlui
407 2336 518 2389 viromm
529 2336 748 2389 doctissimorum:
764 2338 912 2402 Bassania,
928 2335 1019 2403 Dinis,
1035 2336 1167 2403 Drmuar,
1185 2335 1314 2388 Daorsuu
1334 2336 1381 2402 (†)‚

178 2440 318 2507 Honoras,
342 2441 471 2507 Krurunr,
496 2441 667 2508 Krncunorr‚
693 2441 827 2508 Pnunsuu,
854 2441 972 2507 Rouana,
998 2457 1032 2491 ma
1058 2440 1237 2508 Tauriscum,
1257 2441 1381 2509 Vinius,

178 2545 291 2597 Zamam
330 2545 466 2597 Seminarii
484 2546 548 2612 regii
571 2546 723 2613 philologici
746 2545 841 2598 sodalis
861 2546 1004 2598 ordinarius
1029 2545 1065 2596 fui
1084 2563 1131 2613 per
1149 2552 1188 2597 ter
1207 2563 1253 2598 sex
1272 2563 1380 2598 menses.

177 2649 220 2702 nd
244 2650 441 2702 exercitationes
463 2650 643 2718 philologicas
670 2651 762 2717 quibus
785 2668 832 2718 per
854 2650 985 2702 biennium
1009 2669 1069 2703 usus
1093 2668 1157 2718 suin,
1181 2651 1322 2716 Huunuuu,
1348 2651 1381 2702 ad

177 2754 313 2807 historicas
331 2773 378 2822 per
397 2755 436 2807 bis
455 2773 501 2806 sex
524 2773 625 2807 menses
643 2755 840 2807 szsnnmrnn
859 2774 899 2808 mc
918 2755 1100 2822 benignissime
1119 2755 1284 2807 admiserunt.
1322 2754 1380 2817 Qui-

177 2859 225 2910 bus
248 2859 309 2910 viris
333 2860 451 2912 omnibus
476 2860 602 2928 imprimis
620 2860 779 2926 Hunnunao,
799 2861 997 2927 Kraouuomuo,
1010 2861 1152 2928 viniano,
1165 2859 1380 2912 szsnucruno

178 2981 303 3016 summam
322 2964 405 3016 habco
424 2965 541 3031 gratiam.
570 2965 659 3018 Mense
679 2964 785 3020 Octobri
804 2983 827 3017 a.
843 2967 910 3018 1888
930 2965 1044 3018 Berolini
1064 2983 1172 3017 examen
1191 2982 1239 3032 pro
1258 2964 1380 3017 falcultate

177 3067 287 3120 docendi
306 3068 421 3122 sustinui.
