3204 5126
766 362 925 422 -10-

239 557 366 629 intellegi
387 566 492 629 potest,
518 559 559 616 ita
579 567 613 616 ιιι
634 559 704 616 nihil
726 559 797 617 effioi
822 562 962 618 sentiatur
987 562 1041 619 nisi
1061 565 1089 619 τὸ
1108 565 1230 620 ἐλαύνειν
1255 581 1347 631 neque
1371 561 1446 618 haee

239 655 313 713 aetio
334 654 370 714 ad
391 655 468 713 aliud
489 663 624 727 transeat,
646 655 697 713 sed
718 657 793 714 intra
814 677 884 715 suos
901 657 971 716 fines
992 666 1129 716 versetur.

319 751 431 824 Restat,
453 760 487 810 ut
507 753 542 810 de
557 751 726 810 Willmanni
746 753 912 812 definitione
933 754 1065 826 ellipseos
1087 774 1176 826 pauca
1197 755 1333 812 dieamus
1375 754 1445 812 Pre-

239 849 293 906 mit
319 849 445 906 enimin
474 869 515 921 ea,
544 857 577 906 ut
605 870 690 920 supra
725 850 858 922 vidimus,
890 871 994 909 «usum
1016 860 1046 909 et
1066 851 1310 924 consuetudinem,
1338 851 1444 922 quibus

238 945 366 1004 membra
393 946 462 1004 elisa
490 946 608 1018 prolatis
636 955 696 1004 tam
724 967 833 1005 oonexa
862 949 928 1018 sint,
957 957 991 1005 ut
1018 949 1150 1019 quotiens
1178 948 1227 1006 illa
1248 948 1442 1020 proferentur,

238 1043 314 1102 ultro
335 1043 364 1100 in
385 1051 512 1101 mentem
533 1044 677 1102 veniant.»
721 1042 857 1115 Neglexit
884 1046 1024 1103 rationem
1049 1046 1271 1116 grammaticam,
1300 1065 1385 1115 quam
1411 1045 1442 1102 in

238 1140 370 1211 ellipseos
398 1148 500 1198 natura
525 1141 683 1200 necessario
712 1140 805 1199 locum
833 1142 938 1201 habere
958 1142 1090 1216 vidimus.
1139 1141 1214 1200 Nam
1242 1141 1314 1199 duae
1339 1161 1443 1199 oausae
1507 1181 1509 1188 ·

238 1245 315 1308 sunt,
334 1237 437 1309 quibus
451 1257 672 1308 commovemur,
688 1246 722 1295 ut
735 1247 845 1297 eertum
859 1238 1038 1309 vocabulum,
1053 1240 1078 1298 si
1092 1240 1228 1297 omissum
1243 1247 1296 1310 est,
1311 1238 1443 1309 supplea-

237 1354 310 1393 mus.
352 1333 413 1392 Neo
434 1335 618 1405 grammatica
638 1336 711 1393 ratio
737 1335 797 1394 sola
824 1337 854 1393 in
874 1336 928 1394 heo
948 1357 980 1394 re
1007 1337 1076 1395 setis
1098 1343 1151 1407 est,
1179 1344 1213 1394 ut
1240 1355 1330 1408 paene
1350 1335 1443 1394 videri

179 1453 187 1468 ·
237 1431 338 1503 possit,
360 1432 384 1489 si
405 1431 564 1489 Hermanni
586 1431 816 1491 dissertationem
837 1433 967 1504 legimus,
988 1453 1041 1492 nee
1062 1433 1139 1492 solus
1164 1453 1256 1491 «usus
1275 1441 1305 1491 et
1325 1451 1443 1491 eonsue—
1548 1437 1555 1452 ·’

237 1528 330 1586 tudo»
361 1528 412 1586 sed
437 1536 592 1599 utrumque
619 1530 649 1586 in
677 1549 794 1588 oensum
818 1531 906 1589 venit.
950 1529 1143 1589 Grammatioa
1168 1531 1241 1588 ratio
1267 1549 1300 1588 eo
1326 1537 1442 1587 tantum

237 1645 354 1684 munere
375 1626 515 1697 fungitur,
537 1634 571 1683 ut
590 1626 706 1698 indicet,
728 1627 820 1697 qualis
841 1627 935 1685 forma
948 1627 1069 1686 membri
1084 1627 1236 1698 supplendi
1250 1647 1312 1686 esse
1327 1626 1439 1685 debeat.

237 1722 306 1782 Vim
327 1730 423 1781 autem
444 1722 565 1781 membri
585 1724 672 1794 positi
692 1724 737 1783 vel
766 1723 957 1783 membrorum
986 1725 1145 1796 positorum
1166 1723 1299 1782 accedere
1323 1743 1441 1782 neeesse

237 1827 290 1891 est,
319 1840 356 1878 ex
377 1839 432 1890 qua
453 1819 536 1890 plene
558 1828 587 1878 et
608 1829 738 1879 aoourate
764 1841 975 1892 cognoscamus¹
1003 1821 1085 1892 quale
1106 1820 1276 1896 vocabulum
1297 1822 1442 1891 requiren-

237 1917 305 1974 dum
326 1917 372 1976 sit.
404 1915 447 1976 Ut
466 1918 591 1976 verevis
612 1917 729 1976 alterius
749 1917 870 1976 membri
891 1938 927 1976 ex
948 1918 1038 1976 altero
1059 1918 1250 1988 intellegatur,
1272 1937 1339 1976 sane
1363 1937 1440 1976 «usu

236 2022 266 2072 et
294 2014 519 2072 consuetudine»
550 2014 592 2085 fit,
620 2014 723 2087 quibus
751 2015 822 2073 haeo
849 2016 962 2087 saepius
990 2012 1107 2074 conexa
1123 2014 1289 2074 videbamus
1306 2011 1355 2074 ¹'vd
1383 2015 1440 2085 ipsi

236 2110 463 2169 conectebamus.

315 2207 337 2266 J
338 2228 383 2266 am
397 2227 465 2267 vero
479 2227 549 2278 quas
564 2208 676 2266 dicendi
696 2208 835 2267 immulas
850 2209 1041 2268 Willmannus
1051 2205 1073 2285 1)
1095 2208 1209 2280 ellipses
1223 2228 1286 2267 esse
1300 2208 1384 2280 jubet
1398 2228 1437 2267 so.

236 2313 326 2384 ῥέζειν
337 2309 424 2384 (ἱερά),
442 2309 620 2384 Ἀλέξανδρος,
639 2309 653 2362 ὅ
671 2316 716 2363 τοῦ
732 2313 865 2364 Φιλίππου
883 2311 959 2381 (υἱός)
978 2326 1025 2364 eas
1039 2325 1190 2377 agnoscere
1204 2326 1261 2364 non
1276 2325 1438 2377 possumus.

236 2401 281 2460 De
307 2401 402 2462 verbis
429 2402 586 2460 transitivis
613 2403 642 2460 vi
672 2395 853 2462 intransitiva
881 2402 964 2461 dietis
992 2403 1071 2462 velut
1099 2410 1188 2482 ῥέζειν
1212 2407 1292 2481 (ἱερά)
1319 2399 1438 2478 supm‘)

236 2499 359 2558 diximus
381 2499 569 2557 Locutionem
589 2503 767 2580 Ἀλέξανδρος,
786 2504 801 2558 ὅ
820 2511 864 2559 τοῦ
886 2508 1028 2576 Φιλίππου,
1049 2498 1233 2558 Hermannus
1253 2501 1283 2558 in
1311 2500 1378 2558 diss.
1401 2500 1438 2560 de

223 2591 281 2655 'eli
304 2605 334 2655 et
354 2596 510 2667 pleonasm.
533 2616 584 2654 suo
610 2599 674 2667 jure
696 2617 753 2655 non
781 2597 936 2668 elliptioam
958 2617 1019 2655 esse
1041 2597 1152 2655 doeuit:
1181 2596 1261 2654 Nihil
1290 2597 1437 2668 omissum,

235 2693 286 2752 sed
313 2694 449 2751 articulus
468 2697 482 2751 ὅ
501 2692 538 2751 ad
566 2713 669 2752 nomen
689 2693 849 2751 Alexandri
876 2693 1045 2752 referendus
1073 2701 1103 2752 et
1129 2693 1347 2765 intelligendum
1375 2702 1437 2752 est:

234 2795 412 2869 Ἀλέξανδρος»,
431 2810 469 2848 se.
485 2793 499 2848 ὁ
518 2801 563 2848 τοῦ
585 2797 718 2848 Φιλίππου
736 2795 913 2870 Ἀλέξανδρος.
947 2789 1039 2860 Quam
1053 2811 1120 2850 vero
1135 2790 1248 2862 ellipsin
1262 2791 1304 2848 in:
1331 2792 1439 2848 «curri-

234 2894 303 2945 tur»
320 2886 512 2946 Willmannus
534 2907 596 2945 esse
616 2887 747 2958 voluerit,
776 2889 918 2946 nescimus
939 2896 1025 2960 atque
1046 2888 1190 2959 miramur,
1213 2887 1290 2958 quod
1310 2889 1353 2946 vir
1374 2886 1439 2946 doe-

234 2993 281 3042 tus
302 2984 357 3042 hoo
378 2983 502 3054 elliptioe
524 2983 632 3041 dietum
653 3004 715 3042 esse
736 2993 829 3056 putet,
851 2984 936 3056 quod,
965 2992 998 3040 ut
1017 2985 1059 3042 ita
1080 2983 1180 3056 dicam,
1209 2985 1439 3056 impersonaliter

234 3101 400 3152 expressum
422 3089 475 3139 est.
517 3079 648 3151 Denique
669 3081 745 3154 quod
766 3080 852 3140 verba
877 3081 972 3152 eundi,
999 3080 1110 3139 dicendi
1132 3091 1185 3139 ete.
1208 3082 1312 3139 omissa
1333 3101 1350 3138 a
1370 3101 1439 3140 vera

234 3177 327 3249 ellipsi
348 3179 477 3248 secrevit,
506 3177 620 3236 laudare
648 3198 704 3236 non
732 3198 892 3249 possumus.
935 3177 990 3236 Est
1016 3178 1087 3236 haee
1114 3179 1236 3249 genuina
1261 3161 1378 3249 ellipsis,
1406 3178 1437 3236 id

235 3274 311 3345 quod
331 3275 408 3332 inira
429 3295 481 3333 suo
502 3274 564 3333 loeo
586 3275 761 3334 ostendetur.

314 3370 470 3429 Sententiis
497 3372 585 3442 igitur
611 3373 736 3431 virorum
764 3373 922 3443 doctorum,
951 3392 1023 3442 quae
1051 3379 1119 3429 sunt
1140 3371 1175 3430 de
1201 3371 1333 3442 ellipseos
1353 3372 1382 3430 vi
1403 3391 1437 3430 ao

234 3475 335 3526 natura
349 3469 529 3539 perlustratis
540 3477 569 3526 et
580 3468 745 3539 dijudicatis
756 3469 826 3527 haee
837 3468 919 3527 nobis
930 3469 1043 3528 videtur
1057 3468 1184 3526 delinitio
1195 3468 1347 3526 statuenda
1358 3488 1435 3528 esse:

313 3564 430 3637 Ellipsis
449 3573 501 3624 est
526 3566 640 3623 omissio
661 3566 800 3637 vocabuli,
822 3565 898 3638 quod
919 3585 955 3623 ex
975 3567 1139 3637 integritate
1165 3566 1348 3636 grammatica
1368 3566 1386 3622 i.
1409 3586 1435 3624 e.

233 3683 270 3721 ex
290 3663 392 3721 esteris
419 3662 554 3721 membris
582 3663 666 3720 unius
694 3663 878 3733 eiusdemque
899 3663 1040 3721 enuntiati
1061 3682 1117 3720 non
1139 3661 1231 3720 solum
1252 3662 1363 3721 ferinae
1384 3663 1436 3721 sod

233 3761 319 3818 etiam
341 3759 553 3831 significationis
573 3759 694 3818 vinculis
715 3780 779 3817 eum
801 3759 906 3817 omisso
927 3760 1052 3830 conexis,
1074 3759 1264 3830 supplendum
1286 3767 1338 3816 est.

313 3856 552 3916 Distributionem
584 3865 679 3914 autem
711 3856 843 3928 ellipseos
875 3855 1031 3914 seeundum
1059 3855 1187 3914 membra
1214 3857 1318 3914 omissa
1347 3856 1436 3926 probe

232 3953 437 4012 instituendam
459 3962 602 4025 putamus

313 4050 415 4122 Itaque
443 4070 508 4108 oum
536 4049 618 4109 nobis
645 4051 823 4120 propositum
852 4049 898 4120 sit,
927 4059 960 4107 ut
988 4049 1023 4107 de
1050 4049 1182 4120 ellipseos
1209 4069 1263 4107 usu
1291 4048 1435 4108 Luciaueo

233 4149 413 4218 disseramus,
433 4149 555 4218 primum
571 4147 606 4204 de
620 4146 712 4217 ellipsi
727 4146 861 4218 subjecti,
876 4146 977 4204 deinde
993 4147 1119 4217 copulae,
1138 4148 1255 4204 tertium
1270 4146 1434 4218 praedicati,

232 4266 305 4316 quae
326 4246 414 4304 sitin
435 4245 520 4302 huius
541 4243 629 4314 libris,
651 4263 775 4314 agemus.

287 4475 302 4525 ¹)
317 4473 454 4522 Wlllmunn,
470 4483 493 4524 p.
509 4475 542 4514 33.

285 4551 302 4602 ⁹)
317 4551 453 4602 Willmunn,
470 4563 492 4602 p.
508 4553 542 4592 tl.
