3204 5126
707 379 865 441 ..35-

187 580 338 636 ἐπίλοιπον
356 587 431 646 βιόν,
460 577 564 645 α’μιξία
583 577 655 647 πράς
675 577 806 640 ἅπαντας
829 581 876 633 καὶ
895 576 1028 650 α’γνωσιά
1056 580 1104 633 καὶ
1130 573 1286 645 damnata,
1307 579 1389 642 ιγίλος

189 674 220 727 dl
249 671 265 740 ἦ
292 677 376 735 ξένος
403 671 419 738 ἢ
444 675 562 743 ἑταῖρος
589 670 605 739 ἢ
630 671 725 728 Ἰῑλὲου
752 669 849 740 βωμάς
877 669 966 734 ὕθλος
984 669 1087 734 πολύς·
1125 674 1172 726 καὶ
1195 667 1228 725 τά
1247 674 1390 739 οἰκτεῖραι

188 763 349 838 δακράονια
370 764 385 834 ἢ
403 768 593 837 ἐπικουρῆσαι
612 769 742 838 «λυομένῳ
765 775 936 837 παρανομία
964 768 1011 821 καὶ
1038 762 1194 826 κατάλυσις
1222 770 1280 819 ταῖν
1299 766 1389 831 idcir,

189 857 314 931 μονῆρης
333 862 364 914 di
383 857 399 927 ἦ
417 863 525 928 ιλιάιτα,
554 856 690 931 καθάπερ
710 864 772 921 τοῖς
790 855 888 922 λάκοις
907 862 954 914 καί
973 862 1055 929 φίλος
1078 854 1121 921 εἷς
1144 866 1253 926 Τίμων,
1282 855 1334 923 (43)
1363 862 1390 912 ολ

190 956 221 1008 δυ’
241 951 322 1008 ιῖλλοι
340 949 447 1016 πάντες
467 956 573 1026 ἐχθροὶ
600 956 647 1008 καλ
675 955 833 1022 ἐπίβουλοι,
861 956 908 1008 καὶ
931 950 968 1006 τά
983 955 1198 1022 προσομιλῆσαί
1214 973 1274 1008 τινι
1293 949 1389 1006 αὐτῶν

188 1057 312 1116 μίασμα,
331 1051 379 1103 καὶ
397 1045 433 1114 ἧν
450 1069 519 1102 τινα
538 1049 592 1102 ula
609 1043 707 1115 μόνον
726 1044 863 1118 α’ποιγράς
882 1043 898 1114 ἦ
916 1044 1018 1114 ιῖμὲρα.

266 1159 352 1220 Dicat
373 1159 436 1230 quis
456 1156 501 1233 (ut
521 1159 560 1216 du
581 1157 685 1217 Mesnil
710 1159 745 1216 de
766 1167 819 1216 rat.
842 1178 882 1229 gr.
905 1157 974 1216 Luc.
997 1178 1027 1216 re
1049 1177 1115 1216 vera
1142 1154 1224 1231 dicit)
1246 1156 1389 1227 imperati·
1490 1159 1493 1162 ’

188 1276 254 1314 surm
276 1260 402 1334 δεδόχθω
421 1263 456 1314 ut
476 1255 512 1314 ad
533 1259 628 1334 ἀμιξία
649 1264 679 1313 et
699 1259 820 1332 ἀγνωσία
842 1255 882 1313 sic
903 1255 939 1313 nd
960 1255 1109 1325 sequentia
1130 1273 1242 1324 quoque
1257 1254 1389 1324 supplen-

188 1352 255 1411 dum
280 1373 342 1412 esse
368 1373 407 1411 se.
433 1357 460 1411 τὸ
480 1363 608 1433 οἰκτεῖραι
627 1390 661 1396 -
680 1356 697 1424 ἢ
715 1359 885 1433 ἐπικουρῆσαι
904 1390 938 1396 -
957 1364 1110 1432 παρανομία
1129 1354 1283 1428 (δεδόχθω).
1332 1350 1389 1410 Sed

188 1469 358 1520 quamquam
385 1457 481 1526 dccclv,
507 1450 531 1508 si
556 1449 633 1518 idem
658 1450 753 1509 valeat
778 1449 854 1520 quod
879 1450 968 1509 videri
995 1468 1060 1507 cnm
1086 1447 1192 1520 duplici
1213 1448 1388 1507 nominativo

187 1546 247 1605 eine
267 1547 408 1606 infinitivo
433 1547 546 1618 saepius
573 1547 705 1618 componi
730 1555 831 1606 notum
856 1554 910 1617 cst,
937 1554 1033 1604 tamen
1059 1545 1134 1604 idem
1156 1545 1217 1603 fieri
1238 1545 1387 1616 possein:

187 1646 320 1720 ιίείὸχθω,
348 1664 404 1714 qua
430 1644 460 1701 in
481 1643 575 1702 formu
600 1644 643 1702 vis
665 1650 724 1702 est:
758 1643 935 1714 decernatur,
962 1643 1100 1714 exemplis
1126 1642 1238 1702 difficile
1263 1661 1389 1713 compro-

186 1739 277 1799 batur.

264 1853 331 1914 Alia
360 1854 491 1924 exempla
519 1854 617 1912 omissi
648 1854 810 1925 imperativi
839 1853 953 1925 collegit
981 1853 1019 1911 dn
1046 1853 1163 1912 Mesnil:
1206 1852 1338 1912 Herodot
1364 1873 1387 1912 c.

186 1949 252 2008 Aet.
275 1948 432 2026 l(1,827):
455 1959 531 2016 ίλεοις
549 1955 563 2011 ὁ
582 1955 651 2032 ἀνήρ
673 1970 712 2009 sc.
733 1959 809 2010 ἔστω.
846 1947 1013 2029 Oh1·0nosol.
1037 1948 1074 2008 15
1087 1948 1214 2026 (3,397):
1237 1958 1263 2007 οἱ
1281 1955 1311 2008 ds*
1329 1953 1388 2008 εἰπο-

184 2047 332 2115 ιιομίζυντες
353 2042 391 2118 μὴ
419 2047 522 2104 πλείους
544 2050 625 2119 τριῶν
648 2043 665 2111 ἢ
687 2041 826 2118 τεττάρων,
852 2047 878 2095 οἱ
899 2041 1044 2096 πιστότατοι
1066 2049 1118 2099 τῶν
1142 2049 1223 2098 οἴκων
1245 2045 1387 2113 (ἔστωσαν).

184 2134 228 2192 De
248 2135 315 2193 hist.
339 2157 362 2194 e.
384 2133 423 2194 59
437 2133 595 2211 (2,66l67):
617 2145 723 2195 ἔπαινοι
740 2141 793 2214 μὲν
813 2139 829 2207 ἢ
848 2139 931 2211 ψόγοι
949 2137 1020 2195 πάνυ
1038 2147 1209 2215 πεφεισμένοι
1228 2142 1273 2193 καὶ
1291 2158 1388 2216 περιεσ-

184 2243 311 2310 κεμμένοι
322 2269 354 2276 —-
366 2239 410 2291 καὶ
428 2237 465 2311 μή
486 2236 583 2312 ἄκυροι
601 2239 749 2308 (ἔστωσαν).

263 2354 298 2412 In
319 2354 413 2413 medio
431 2354 649 2425 relinquendum
671 2361 724 2426 est,
747 2362 844 2412 utrum
866 2355 1052 2426 imperativus
1073 2363 1149 2413 ἔσται.
1162 2375 1198 2412 an
1218 2354 1388 2413 indicativus

184 2457 239 2526 ἐστί
264 2450 439 2522 supplendus
467 2452 506 2510 sit
532 2453 575 2509 in:
608 2455 667 2516 ἅλις
695 2471 719 2509 e.
748 2471 789 2522 gr.
818 2450 894 2511 Pisa.
924 2449 963 2510 52
985 2449 1109 2528 (1‚614):
1145 2456 1204 2518 ἅλις
1227 2463 1271 2523 τῆς
1294 2455 1387 2530 ἄγρας.

185 2545 294 2619 naun.
323 2546 487 2626 lucca:
520 2551 580 2614 ac
598 2557 628 2606 a
645 2554 760 2610 πααα,
796 2547 898 2621 aava.
929 2548 966 2608 16
986 2546 1109 2625 (accep
1139 2553 1198 2615 αις
1222 2555 1340 2638 πασας,
1367 2549 1388 2606 a

184 2645 290 2695 Λυκῖνε.

264 2758 299 2815 In
321 2759 425 2818 talibus
453 2780 489 2817 ex
512 2759 719 2818 sententiarum
744 2766 843 2817 tenore
865 2759 1080 2831 dijudicandum
1102 2767 1154 2818 est.
1197 2758 1388 2829 Imperativus

186 2855 282 2925 potius
308 2856 516 2927 intellegendus
542 2865 595 2928 est,
627 2857 651 2914 si
676 2856 862 2927 imperativus
888 2857 1032 2916 antecedit
1056 2858 1101 2917 vel
1132 2857 1269 2927 sequitur,
1295 2855 1387 2915 velut:

183 2951 259 3010 Piso,
281 2950 320 3011 52
333 2951 459 3030 (1,61ε);
482 2957 542 3021 άλις
561 2955 581 3013 ai
601 2957 787 3034 Παρρησιάδη,
806 2965 850 3025 τῆς
869 2958 968 3034 ἄγρας·
987 2958 1025 3033 μή
1045 2968 1094 3013 καί
1109 2968 1146 3020 τίς
1164 2978 1204 3012 σοι
1223 2991 1256 2997 -
1277 2964 1387 3032 clypaeo.

564 3149 702 3234 Ellipsis
725 3149 885 3214 infinitivi
908 3147 1007 3218 εἶναι.

265 3297 381 3370 llllipsis
401 3299 534 3357 infinitivi
555 3305 625 3358 εἶναι
646 3299 675 3356 in
694 3298 787 3358 verbis
812 3298 945 3368 putandi:
970 3303 1096 3377 ἡγοῦμαι,
1115 3305 1199 3378 οίμαι,
1219 3306 1289 3357 donc]
1310 3299 1388 3358 nulla

185 3405 237 3451 est.
280 3393 337 3453 Sed
361 3396 385 3453 si
411 3395 440 3453 in
466 3395 512 3453 his
539 3395 657 3454 verbum
678 3401 749 3454 εἶναι
770 3395 860 3466 deest,
888 3395 968 3455 velut
988 3396 1039 3454 Bis
1060 3416 1117 3454 acc.
1145 3394 1324 3471 21(2‚819):
1351 3411 1388 3463 τίς

184 3494 220 3549 ἂν
239 3495 327 3570 κριτής
350 3495 511 3571 δικαιότερος
533 3496 635 3559 δόξειεν
653 3495 732 3551 αὐτοῦ
753 3493 831 3550 etin
854 3497 983 3569 ἡγεῖσθαί
998 3519 1056 3552 τινα
1076 3500 1163 3569 φίλον,
1184 3513 1240 3551 non
1260 3514 1311 3565 pel·
1330 3494 1388 3552 elli-

184 3588 249 3658 psin
270 3589 406 3648 omissum
427 3596 480 3660 est,
507 3588 558 3647 sed
579 3597 719 3660 tenemus,
741 3597 775 3646 ut
794 3593 856 3660 jam
877 3609 963 3661 supra
984 3589 1117 3662 diximus,
1144 3599 1317 3649 structuram
1338 3591 1387 3650 du-

184 3684 265 3756 plicis
287 3686 453 3744 nominativi
474 3685 519 3745 vel
541 3686 703 3744 accusativi.
749 3685 846 3744 Verba
871 3686 920 3744 illa
945 3687 1066 3758 putandi
1087 3688 1147 3747 sola
1168 3689 1237 3746 satis
1263 3689 1387 3747 suntad

184 3801 287 3840 nomen
314 3783 469 3854 praedicati
495 3802 559 3840 eum
587 3783 701 3840 nomine
722 3783 847 3854 subjecti
869 3785 1109 3855 conjungendum.
1152 3785 1190 3842 cf.
1213 3783 1318 3842 Matth.
1345 3806 1385 3857 gr.

182 3899 224 3950 gr.
246 3877 349 3957 §5312
370 3879 397 3940 b.
419 3880 457 3938 A.
480 3877 507 3937 1.

539 4026 761 4111 Participium
785 4021 835 4094 ai'v
858 4028 1026 4092 omissum.

263 4171 344 4232 Idem
366 4174 442 4245 quad
464 4173 499 4232 de
524 4174 665 4234 infinitivo
687 4175 722 4233 de
748 4178 897 4248 partieipia
923 4177 1027 4234 omisso
1055 4176 1206 4234 dicendum
1232 4185 1285 4236 est.
1328 4177 1387 4238 Me-

183 4270 329 4329 morabilis
341 4272 397 4330 hcc
417 4272 447 4329 in
461 4291 563 4342 genere
578 4272 711 4331 videntur·
731 4278 791 4332 olda
812 4281 842 4332 et
862 4278 916 4354 ὅρα]
937 4293 1002 4331 cum
1017 4272 1123 4344 duplici
1137 4275 1298 4334 accusativo
1313 4295 1386 4333 com-

182 4367 290 4437 posita:
313 4388 337 4426 e.
359 4388 400 4439 gr.
442 4368 516 4427 Pisa.
540 4367 578 4428 19
593 4366 719 4446 (l,589):
753 4377 797 4428 καὶ
816 4373 870 4450 γάρ
888 4371 984 4429 τούτων
1002 4372 1076 4436 τινάς
1093 4376 1153 4428 olda
1172 4382 1225 4429 τῶν
1243 4374 1386 4431 άντιιλίκευν

182 4467 231 4522 οὖν
253 4460 330 4535 ἧττον
352 4472 417 4543 ε’μοῡ
435 4469 587 4546 βαρβάρους
609 4469 636 4524 τά
659 4477 742 4542 γένος.
790 4465 865 4525 Dial.
894 4487 963 4525 mar.
994 4465 1031 4524 13
1053 4465 1180 4544 (l,290):
1210 4475 1252 4528 nli
1275 4471 1386 4541 σεαυτὴν

182 4555 261 4611 οάιλὲν
279 4557 343 4612 ἄλλο
363 4556 379 4625 ἢ
393 4557 482 4634 χρόαν
500 4558 596 4626 λευκήν
614 4558 739 4634 άκριβῶς.
