3204 5126
658 369 819 430 „15-

134 571 243 628 tionem
264 574 280 627 ὖ
302 573 373 628 πάνυ
393 569 644 642 deprehendimus,
666 571 825 629 imitatores
845 577 977 629 veterum
998 590 1070 628 csse.
1103 568 1188 640 Quod
1209 573 1233 630 si
1247 571 1344 630 Xeno·

133 667 253 737 phontis
282 667 331 724 ille
359 667 438 726 locus
466 687 540 725 unus
569 669 696 726 omnium
716 679 847 726 veterum
873 667 1044 738 scriptorum
1073 675 1126 738 est,
1156 688 1212 740 quo
1240 672 1344 727 ὅπάνυ

133 783 201 820 cum
222 764 337 822 nomine
365 765 479 835 proprio
501 768 689 835 coniunctum
710 764 823 836 legitur,
845 764 1082 822 verisimillimum
1104 772 1149 822 est
1174 765 1249 823 hanc
1269 765 1344 824 locu-

133 861 243 917 tionem
265 880 302 918 ex
323 860 372 918 illo
392 862 422 918 in
443 862 633 932 posteriorum
655 861 741 919 libros
763 861 918 919 transiisse.
955 860 1011 918 Sed
1026 860 1102 931 quod
1117 861 1344 934 achophontc

133 977 240 1014 nomen
260 956 379 1015 Periclis
405 959 489 1016 simul
516 957 638 1016 nominis
664 959 771 1028 proprii
796 967 827 1016 ct
852 957 987 1028 adjectivi
1013 957 1075 1016 loco
1094 967 1227 1029 ,ponente
1248 959 1343 1017 facete

134 1041 244 1111 dictum
273 1063 327 1125 est,
355 1054 498 1113 Lucianus
526 1065 556 1112 et
584 1055 670 1112 ceteri
698 1074 755 1112 non
783 1055 996 1112 intellexeruut.
1046 1053 1141 1124 Quare
1169 1055 1343 1114 locutionem

133 1153 149 1204 ὖ
175 1153 245 1209 πάνυ
268 1151 423 1209 formulam
444 1160 588 1222 putantes,
611 1171 683 1222 quae
703 1151 780 1209 idem
801 1151 918 1223 valeret,
940 1150 1016 1221 quod
1037 1155 1052 1208 ὅ
1080 1157 1194 1224 ἔνδοξος,
1220 1155 1234 1209 ὁ
1257 1163 1344 1229 μέγας

134 1255 190 1305 etc.
217 1249 330 1318 scriptis
351 1249 409 1306 suis
431 1255 660 1320 propagaverunt
669 1245 700 1323 ¹).

134 1390 262 1475 d‘ttog:

216 1513 369 1571 Nonnullis
396 1513 465 1572 locis
493 1512 644 1571 Lucisneis
672 1510 848 1583 adjectivum
876 1516 957 1577 ἄλλος
983 1511 1170 1583 desideratur,
1201 1513 1342 1584 imprimis

133 1619 203 1681 post
230 1612 401 1669 sententiam
422 1630 474 1681 per
494 1609 662 1681 particulam
683 1612 715 1668 cd
735 1617 866 1680 negatam
888 1629 912 1667 c.
934 1629 989 1680 gr:
1019 1618 1123 1688 ἔπερον
1142 1617 1171 1669 δὲ
1190 1613 1252 1668 οὐδὲ
1272 1607 1343 1689 ἧπαρ

133 1713 165 1764 ἓν
182 1709 248 1783 αἰτῇ
267 1720 398 1784 φαίνεται,
418 1711 434 1777 ἢ
452 1718 524 1765 τοῦτο
541 1710 629 1785 μόνον
656 1706 724 1764 Ver.
746 1705 815 1763 hist.
835 1705 860 1776 Ι,
883 1703 922 1764 24
943 1702 984 1779 (2,
1006 1704 1066 1781 90).

218 1797 328 1880 [πάντως
350 1807 483 1863 adilinda
501 1807 581 1862 αὐτὸν
600 1807 616 1874 ἤ
634 1806 787 1868 ἀπέκτεινας
815 1801 899 1861 Dem.
921 1803 983 1860 laus
1005 1801 1044 1862 30
1064 1799 1104 1877 (3,
1127 1799 1207 1881 512)]

216 1899 319 1976 Bosius
333 1900 437 1971 aliique
451 1902 504 1960 viri
519 1900 605 1972 docti,
627 1901 676 1970 qui
691 1899 725 1958 de
740 1899 794 1957 hac
807 1920 838 1957 re
853 1908 981 1971 egerunt,
1000 1908 1120 1970 excepto
1136 1921 1171 1959 nc
1186 1901 1341 1960 Schaefero

134 1995 250 2066 quidem
277 1997 391 2068 ellipsin
412 1999 489 2057 vocis
510 2002 574 2056 ἄλλο
600 2004 777 2068 statuerunt,
803 1991 1018 2072 Hermannusl)
1045 2004 1111 2054 ante
1137 1998 1342 2070 particulam&

134 2093 247 2165 ellipsin
273 2095 398 2152 notionis
424 2095 632 2165 comparativae
658 2101 770 2152 exstare
797 2093 912 2151 omnino
933 2100 1026 2164 negat.
1069 2093 1183 2165 Itaque,
1210 2096 1235 2153 si
1254 2096 1341 2153 huius

135 2210 318 2260 sequeremur
339 2193 511 2249 sententiam
532 2193 619 2250 etiam
640 2191 669 2248 in
691 2194 798 2261 113111νῆ
816 2189 929 2261 ellipsin
943 2209 1095 2261 agnoscere
1110 2210 1166 2248 uon
1182 2212 1339 2263 possemus.

135 2287 192 2345 Sed
213 2287 371 2346 Hermanni
397 2290 583 2359 sententiam,
610 2288 739 2358 quamvis
765 2288 852 2345 etiam
881 2293 967 2357 atquc
993 2287 1080 2344 etiam
1106 2289 1340 2359 perpenderimus

135 2383 254 2455 probare
275 2405 333 2443 non
354 2405 515 2456 possumus.
544 2383 664 2443 Judicat
685 2385 760 2442 enim
782 2383 951 2454 particulam
973 2387 989 2455 ἥ
1010 2404 1067 2442 uon
1088 2387 1247 2445 necessario
1267 2406 1340 2444 com-

135 2482 291 2552 parativam
314 2502 376 2540 csse
402 2483 476 2541 sicut
496 2490 623 2541 nostram
648 2481 736 2539 «als»
766 2490 796 2539 et
820 2481 938 2538 latinam
963 2501 1096 2551 «quam»
1125 2482 1176 2540 sed
1201 2484 1340 2555 principio

134 2579 375 2650 interrogativam.
417 2579 480 2638 Usu
501 2579 612 2637 factum
634 2598 705 2649 esse,
728 2586 761 2636 ut
782 2587 881 2651 postea
901 2577 978 2636 idem
999 2578 1076 2649 quod
1098 2588 1228 2638 nostrum
1252 2581 1336 2639 «alsa

136 2675 315 2746 significaret.

214 2772 398 2843 Exemplum,
427 2793 483 2844 quo
505 2773 688 2831 Hermannus
715 2771 754 2844 id,
784 2772 860 2843 quod
881 2772 978 2843 sentit,
1006 2773 1142 2846 illustrat,
1170 2774 1225 2832 hoc
1253 2769 1337 2850 cst³).

135 2868 265 2928 Herodot
286 2867 314 2926 9.
337 2867 384 2927 26.
428 2873 510 2947 ἡμέας
528 2877 634 2928 δίκαιον
653 2877 724 2947 ἐχειν
742 2883 768 2928 τὸ
787 2876 873 2949 ἕτερον
892 2883 969 2951 κέρας
988 2874 1052 2951 ἤπερ
1070 2876 1226 2943 Ἀθηναίους

370 2998 406 3016 =
424 2970 506 3044 ἡμέας
525 2969 689 3046 δικαιότερον
707 2973 779 3043 ἔχειν
796 2979 823 3024 τὸ
842 2973 929 3046 ἕτερον
947 2979 1025 3047 κέρας
1044 2972 1108 3048 ἤπερ
1126 2972 1289 3040 Ἀθηναίους.

136 3061 171 3120 ab
196 3062 361 3120 Hermanno
390 3063 429 3120 sio
455 3062 642 3134 explicatum:
681 3066 763 3140 ἡμέας
791 3069 898 3122 δίκαιον
919 3071 991 3141 ἔχειν
1014 3077 1040 3122 τὸ
1062 3069 1150 3144 ἕτερον
1174 3076 1252 3145 κέρας
1275 3069 1340 3145 ἤπερ

137 3163 239 3217 δίκαιόν
258 3165 314 3218 ἔστι
332 3162 496 3231 Ἀθηναίους.

213 3255 270 3313 Sed
298 3263 394 3314 tamen
422 3257 603 3313 enuntiatum
631 3256 671 3312 sic
698 3264 842 3314 mutatum
873 3257 944 3315 mihi
972 3257 1087 3328 quidem
1115 3258 1232 3316 minime
1262 3259 1339 3317 idem

136 3351 225 3410 valere
246 3351 361 3411 videtur
386 3352 462 3423 quod
484 3356 567 3431 ἡμέας
590 3355 755 3432 δικαιότερον
778 3362 832 3412 etc.
859 3354 904 3414 vel
925 3361 1030 3433 μᾱ1λον
1048 3362 1154 3414 δίκαιον
1175 3363 1229 3412 ctc.
1272 3354 1339 3413 Sen-

136 3450 223 3507 tantia
236 3450 449 3520 interrogativa,
472 3469 544 3520 quac
565 3447 598 3505 tt
619 3469 670 3521 per
689 3453 753 3530 ἤπερ
772 3455 879 3510 δίκαιόν
897 3457 954 3510 ἐστι
971 3455 1031 3516 τούς
1043 3455 1199 3523 Ἀθηναίους
1210 3455 1238 3510 τό
1252 3457 1339 3532 ἕτερον

136 3553 205 3622 ἔχειν
225 3545 333 3603 nullam
355 3547 409 3604 nisi
430 3547 592 3617 negativam
613 3546 671 3604 vim
692 3547 797 3606 habere
819 3555 916 3619 potest
936 3548 986 3619 ita,
1008 3555 1042 3604 ut
1057 3549 1200 3606 sententia
1221 3549 1336 3608 evadat:

137 3644 216 3718 ἡμέας
239 3648 346 3699 δίκαιον
369 3649 440 3719 {yser
461 3650 515 3700 etc.
538 3643 595 3698 citt·
621 3645 653 3699 od
677 3645 736 3709 roric
760 3648 924 3716 Ἀθηναίους.
961 3643 1055 3702 Multo
1076 3645 1171 3703 minus
1192 3666 1278 3716 quam
1303 3645 1339 3704 ad

136 3736 188 3795 hoc
212 3738 376 3810 exemplum
398 3738 562 3816 Hermanni
582 3739 735 3809 explicatio
760 3740 797 3798 ad
817 3740 960 3799 Lucianea
985 3741 1106 3812 quadrat
1127 3762 1151 3800 c.
1173 3763 1214 3814 gr.
1236 3746 1339 3808 πάντως

137 3837 212 3892 οὐδὲν
229 3838 265 3893 ἄν
283 3838 363 3894 cirria
382 3839 398 3906 ἢ
416 3839 576 3900 ἀπέκτεινας.

212 3930 273 3988 Nos
295 3951 407 4002 quoquc
429 3951 578 3990 censemus
599 3932 754 3991 formulam
775 3937 889 4007 113111νῆ
909 3934 1003 4005 ellipsi
1024 3955 1081 3993 non
1102 3935 1230 3994 adhibita
1251 3938 1339 4010 expli·

138 4027 191 4083 cari
211 4047 304 4099 posse,
330 4028 381 4086 sed
406 4029 488 4088 aliter
514 4036 600 4100 atquc
625 4029 809 4090 Hermannns
834 4032 953 4103 judicat.
995 4031 1117 4102 Negatio
1143 4031 1172 4088 in
1199 4034 1338 4093 eiusmodi

188 4256 203 4306 ¹)
217 4256 336 4308 Adlectlvl
350 4257 399 4300 vim
413 4257 439 4299 ln
454 4258 554 4300 nomine
565 4259 663 4302 Periclis
677 4260 751 4302 latere
765 4271 837 4312 posse
852 4261 876 4302 et
886 4259 960 4302 verbo
979 4247 1077 4302 drudro
1090 4252 1223 4323 Περικλῆς
1237 4262 1338 4305 fortasse

220 4336 251 4368 ex
265 4327 437 4378 Xenophontis
451 4327 494 4370 fllo
504 4328 572 4371 velut
582 4339 612 4370 ex
622 4329 690 4372 fonte
705 4329 730 4371 ln
745 4330 906 4382 posteriorum
920 4328 995 4372 llbros
1005 4329 1105 4372 fluxisse
1114 4329 1220 4373 Blasslus
1230 4333 1337 4383 benigne

220 4407 259 4438 me
273 4397 376 4439 mourut.
406 4397 449 4439 Cul
464 4398 538 4442 hulus
553 4399 726 4442 admonltlonls
740 4400 840 4450 gratiam
855 4401 941 4441 habco.

187 4473 243 4524 Ι)111
258 4474 316 4516 dlss.
332 4475 371 4516 de.
387 4475 427 4516 cll.
443 4478 468 4517 ct
481 4476 563 4528 pleon.
580 4487 663 4528 opusc.
679 4490 702 4530 p.
714 4479 753 4520 209
768 4489 818 4530 seq.

187 4553 204 4602 ¹)
218 4555 351 4604 Hermann,
368 4553 424 4596 diss.
441 4555 471 4596 de
486 4555 526 4596 cll.
542 4557 567 4595 et
581 4555 725 4608 pleonasm,
740 4567 823 4608 opusc.
840 4569 862 4609 p.
879 4560 918 4600 209
933 4567 981 4599 see.
