<?xml version="1.0" encoding="UTF-8"?>
<!DOCTYPE html PUBLIC "-//W3C//DTD XHTML 1.0 Transitional//EN"
    "http://www.w3.org/TR/xhtml1/DTD/xhtml1-transitional.dtd">
<html xmlns="http://www.w3.org/1999/xhtml" xml:lang="en" lang="en">
 <head>
  <title>
</title>
<meta http-equiv="Content-Type" content="text/html;charset=utf-8" />
  <meta name='ocr-system' content='tesseract 3.04.00' />
  <meta name='ocr-capabilities' content='ocr_page ocr_carea ocr_par ocr_line ocrx_word'/>
</head>
<body>
  <div class='ocr_page' id='page_1' title='image "./deellipseosusul00kersgoog_0025.png"; bbox 0 0 3204 5126; ppageno 0'>
   <div class='ocr_carea' id='block_1_1' title="bbox 767 354 926 413">
    <p class='ocr_par' dir='ltr' id='par_1_1' title="bbox 767 354 926 413">
     <span class='ocr_line' id='line_1_1' title="bbox 767 354 926 413; baseline -0.013 -15"><span class='ocrx_word' id='word_1_1' title='bbox 767 354 926 413; x_wconf 65' lang='lat'>-16-</span> 
     </span>
    </p>
   </div>
   <div class='ocr_carea' id='block_1_2' title="bbox 243 552 1452 1591">
    <p class='ocr_par' dir='ltr' id='par_1_2' title="bbox 243 552 1450 1205">
     <span class='ocr_line' id='line_1_2' title="bbox 243 552 1448 623; baseline 0.002 -13"><span class='ocrx_word' id='word_1_2' title='bbox 243 553 375 612; x_wconf 86' lang='lat' dir='ltr'><strong>formulis</strong></span> <span class='ocrx_word' id='word_1_3' title='bbox 402 553 529 623; x_wconf 88' lang='lat' dir='ltr'><strong>relativa,</strong></span> <span class='ocrx_word' id='word_1_4' title='bbox 562 561 594 610; x_wconf 93' lang='lat' dir='ltr'><strong>ut</strong></span> <span class='ocrx_word' id='word_1_5' title='bbox 621 553 662 610; x_wconf 86' lang='lat' dir='ltr'><strong>ita</strong></span> <span class='ocrx_word' id='word_1_6' title='bbox 690 552 816 611; x_wconf 90' lang='lat' dir='ltr'><strong>dieamus</strong></span> <span class='ocrx_word' id='word_1_7' title='bbox 844 552 957 611; x_wconf 90' lang='lat' dir='ltr'><strong>videtur</strong></span> <span class='ocrx_word' id='word_1_8' title='bbox 991 571 1053 610; x_wconf 91' lang='lat' dir='ltr'><strong>esse</strong></span> <span class='ocrx_word' id='word_1_9' title='bbox 1082 571 1120 610; x_wconf 89' lang='lat' dir='ltr'><strong>sc.</strong></span> <span class='ocrx_word' id='word_1_10' title='bbox 1150 572 1221 622; x_wconf 88' lang='lat' dir='ltr'><strong>quae</strong></span> <span class='ocrx_word' id='word_1_11' title='bbox 1251 553 1357 611; x_wconf 89' lang='lat' dir='ltr'><strong>nullam</strong></span> <span class='ocrx_word' id='word_1_12' title='bbox 1388 554 1448 612; x_wconf 88' lang='lat' dir='ltr'><strong>vim</strong></span> 
     </span>
     <span class='ocr_line' id='line_1_3' title="bbox 243 648 1450 722; baseline 0.002 -16"><span class='ocrx_word' id='word_1_13' title='bbox 243 649 348 709; x_wconf 89' lang='lat' dir='ltr'><strong>habeat</strong></span> <span class='ocrx_word' id='word_1_14' title='bbox 373 651 427 708; x_wconf 92' lang='lat' dir='ltr'><strong>nisi</strong></span> <span class='ocrx_word' id='word_1_15' title='bbox 452 650 488 707; x_wconf 89' lang='lat' dir='ltr'><strong>ad</strong></span> <span class='ocrx_word' id='word_1_16' title='bbox 513 648 631 708; x_wconf 91' lang='lat' dir='ltr'><strong>verbum</strong></span> <span class='ocrx_word' id='word_1_17' title='bbox 658 650 800 720; x_wconf 84' lang='lat' dir='ltr'>quoddam</span> <span class='ocrx_word' id='word_1_18' title='bbox 822 649 943 707; x_wconf 91' lang='lat' dir='ltr'><strong>relatum</strong></span> <span class='ocrx_word' id='word_1_19' title='bbox 964 649 1044 708; x_wconf 89' lang='lat' dir='ltr'><strong>velut</strong></span> <span class='ocrx_word' id='word_1_20' title='bbox 1070 650 1099 706; x_wconf 93' lang='lat' dir='ltr'><strong>in</strong></span> <span class='ocrx_word' id='word_1_21' title='bbox 1127 649 1181 707; x_wconf 92' lang='lat' dir='ltr'><strong>hoe</strong></span> <span class='ocrx_word' id='word_1_22' title='bbox 1207 651 1339 722; x_wconf 87' lang='lat' dir='ltr'><strong>exemplo</strong></span> <span class='ocrx_word' id='word_1_23' title='bbox 1367 654 1450 708; x_wconf 74' lang='grc' dir='ltr'><em>οὐδὲν</em></span> 
     </span>
     <span class='ocr_line' id='line_1_4' title="bbox 243 745 1450 822; baseline 0.001 -18"><span class='ocrx_word' id='word_1_24' title='bbox 243 767 301 806; x_wconf 92' lang='lat' dir='ltr'><strong>non</strong></span> <span class='ocrx_word' id='word_1_25' title='bbox 322 746 451 805; x_wconf 89' lang='lat' dir='ltr'><strong>absolute</strong></span> <span class='ocrx_word' id='word_1_26' title='bbox 476 747 591 818; x_wconf 91' lang='lat' dir='ltr'><strong>ponitur</strong></span> <span class='ocrx_word' id='word_1_27' title='bbox 612 746 661 804; x_wconf 84' lang='lat' dir='ltr'><strong>sed</strong></span> <span class='ocrx_word' id='word_1_28' title='bbox 688 746 772 804; x_wconf 89' lang='lat' dir='ltr'><strong>simul</strong></span> <span class='ocrx_word' id='word_1_29' title='bbox 793 746 873 805; x_wconf 90' lang='lat' dir='ltr'><strong>verbi</strong></span> <span class='ocrx_word' id='word_1_30' title='bbox 894 749 1045 811; x_wconf 67' lang='grc' dir='ltr'><strong>ἀπέκτεινας</strong></span> <span class='ocrx_word' id='word_1_31' title='bbox 1065 747 1175 804; x_wconf 88' lang='lat' dir='ltr'><strong>ratione</strong></span> <span class='ocrx_word' id='word_1_32' title='bbox 1200 746 1298 805; x_wconf 85' lang='lat' dir='ltr'><strong>habita</strong></span> <span class='ocrx_word' id='word_1_33' title='bbox 1320 745 1413 822; x_wconf 76' lang='grc' dir='ltr'><strong>(οὐδὲν</strong></span> <span class='ocrx_word' id='word_1_34' title='bbox 1432 751 1450 818; x_wconf 81' lang='grc' dir='ltr'><em>ἢ</em></span> 
     </span>
     <span class='ocr_line' id='line_1_5' title="bbox 243 842 1450 914; baseline 0 -13"><span class='ocrx_word' id='word_1_35' title='bbox 243 847 395 908; x_wconf 69' lang='grc' dir='ltr'><em>ἀπέκτεινας</em></span> <span class='ocrx_word' id='word_1_36' title='bbox 419 875 457 894; x_wconf 79' lang='lat'>=</span> <span class='ocrx_word' id='word_1_37' title='bbox 482 843 580 900; x_wconf 91' lang='lat' dir='ltr'><strong>nihil</strong></span> <span class='ocrx_word' id='word_1_38' title='bbox 611 843 703 913; x_wconf 92' lang='lat' dir='ltr'><strong>quod</strong></span> <span class='ocrx_word' id='word_1_39' title='bbox 734 843 776 902; x_wconf 88' lang='lat' dir='ltr'><strong>ab</strong></span> <span class='ocrx_word' id='word_1_40' title='bbox 808 843 1053 901; x_wconf 77' lang='lat' dir='ltr'><strong>interficiendo</strong></span> <span class='ocrx_word' id='word_1_41' title='bbox 1085 842 1254 914; x_wconf 84' lang='lat' dir='ltr'><strong>differat,</strong></span> <span class='ocrx_word' id='word_1_42' title='bbox 1287 843 1383 901; x_wconf 82' lang='lat' dir='ltr'>fecisti</span> <span class='ocrx_word' id='word_1_43' title='bbox 1411 866 1450 884; x_wconf 87' lang='lat'>=</span> 
     </span>
     <span class='ocr_line' id='line_1_6' title="bbox 243 938 1450 1014; baseline 0.003 -18"><span class='ocrx_word' id='word_1_44' title='bbox 243 939 414 998; x_wconf 74' lang='lat' dir='ltr'><strong>interfecisti</strong></span> <span class='ocrx_word' id='word_1_45' title='bbox 429 939 563 1014; x_wconf 90' lang='lat' dir='ltr'><strong>tantum).</strong></span> <span class='ocrx_word' id='word_1_46' title='bbox 600 938 678 1009; x_wconf 79' lang='lat' dir='ltr'><strong>Quae</strong></span> <span class='ocrx_word' id='word_1_47' title='bbox 694 941 766 997; x_wconf 90' lang='lat' dir='ltr'><strong>ratio</strong></span> <span class='ocrx_word' id='word_1_48' title='bbox 781 940 920 1010; x_wconf 87' lang='lat' dir='ltr'><strong>particula</strong></span> <span class='ocrx_word' id='word_1_49' title='bbox 937 939 1115 1010; x_wconf 54' lang='lat' dir='ltr'><strong>diudicetur.</strong></span> <span class='ocrx_word' id='word_1_50' title='bbox 1143 939 1210 998; x_wconf 82' lang='lat' dir='ltr'><strong>Vox</strong></span> <span class='ocrx_word' id='word_1_51' title='bbox 1231 945 1309 1006; x_wconf 77' lang='grc' dir='ltr'><em>ἄλλος</em></span> <span class='ocrx_word' id='word_1_52' title='bbox 1322 942 1352 998; x_wconf 93' lang='lat' dir='ltr'><strong>in</strong></span> <span class='ocrx_word' id='word_1_53' title='bbox 1366 945 1450 1000; x_wconf 72' lang='grc' dir='ltr'><em>οὐδὲν</em></span> 
     </span>
     <span class='ocr_line' id='line_1_7' title="bbox 244 1036 1448 1108; baseline 0.002 -14"><span class='ocrx_word' id='word_1_54' title='bbox 244 1040 308 1094; x_wconf 79' lang='grc' dir='ltr'><em>ἄλλο</em></span> <span class='ocrx_word' id='word_1_55' title='bbox 332 1040 348 1108; x_wconf 79' lang='grc' dir='ltr'><em>ἢ</em></span> <span class='ocrx_word' id='word_1_56' title='bbox 370 1039 522 1102; x_wconf 73' lang='grc' dir='ltr'><em>ἀπέκτεινας</em></span> <span class='ocrx_word' id='word_1_57' title='bbox 539 1036 613 1094; x_wconf 88' lang='lat' dir='ltr'><strong>hane</strong></span> <span class='ocrx_word' id='word_1_58' title='bbox 634 1037 805 1094; x_wconf 85' lang='lat' dir='ltr'><strong>sententiam</strong></span> <span class='ocrx_word' id='word_1_59' title='bbox 821 1037 910 1108; x_wconf 89' lang='lat' dir='ltr'><strong>magis</strong></span> <span class='ocrx_word' id='word_1_60' title='bbox 927 1036 1062 1107; x_wconf 87' lang='lat' dir='ltr'><strong>illustrat,</strong></span> <span class='ocrx_word' id='word_1_61' title='bbox 1084 1037 1134 1094; x_wconf 92' lang='lat' dir='ltr'><strong>sed</strong></span> <span class='ocrx_word' id='word_1_62' title='bbox 1149 1038 1306 1096; x_wconf 82' lang='lat' dir='ltr'><strong>necessaria</strong></span> <span class='ocrx_word' id='word_1_63' title='bbox 1321 1058 1377 1096; x_wconf 92' lang='lat' dir='ltr'><strong>non</strong></span> <span class='ocrx_word' id='word_1_64' title='bbox 1392 1045 1448 1096; x_wconf 90' lang='lat' dir='ltr'><strong>est.</strong></span> 
     </span>
     <span class='ocr_line' id='line_1_8' title="bbox 243 1132 1267 1205; baseline 0.003 -16"><span class='ocrx_word' id='word_1_65' title='bbox 243 1133 346 1202; x_wconf 88' lang='lat' dir='ltr'><strong>Itaque</strong></span> <span class='ocrx_word' id='word_1_66' title='bbox 368 1132 475 1204; x_wconf 82' lang='lat' dir='ltr'><strong>ellipsis</strong></span> <span class='ocrx_word' id='word_1_67' title='bbox 497 1134 557 1191; x_wconf 90' lang='lat' dir='ltr'><strong>eius</strong></span> <span class='ocrx_word' id='word_1_68' title='bbox 577 1134 655 1192; x_wconf 91' lang='lat' dir='ltr'><strong>vocis</strong></span> <span class='ocrx_word' id='word_1_69' title='bbox 676 1134 705 1191; x_wconf 90' lang='lat' dir='ltr'><strong>in</strong></span> <span class='ocrx_word' id='word_1_70' title='bbox 727 1136 806 1192; x_wconf 74' lang='grc' dir='ltr'><em>οῦδὲν</em></span> <span class='ocrx_word' id='word_1_71' title='bbox 825 1137 841 1205; x_wconf 76' lang='grc' dir='ltr'><em>ἥ</em></span> <span class='ocrx_word' id='word_1_72' title='bbox 862 1141 915 1191; x_wconf 90' lang='lat' dir='ltr'><strong>etc.</strong></span> <span class='ocrx_word' id='word_1_73' title='bbox 938 1133 1116 1204; x_wconf 87' lang='lat' dir='ltr'><strong>agnoscenda</strong></span> <span class='ocrx_word' id='word_1_74' title='bbox 1137 1154 1193 1192; x_wconf 90' lang='lat' dir='ltr'><strong>non</strong></span> <span class='ocrx_word' id='word_1_75' title='bbox 1215 1141 1267 1192; x_wconf 90' lang='lat' dir='ltr'><strong>est.</strong></span> 
     </span>
    </p>

    <p class='ocr_par' dir='ltr' id='par_1_3' title="bbox 245 1227 1451 1401">
     <span class='ocr_line' id='line_1_9' title="bbox 324 1227 1451 1307; baseline 0.002 -21"><span class='ocrx_word' id='word_1_76' title='bbox 324 1229 433 1287; x_wconf 81' lang='lat' dir='ltr'><strong>Similia</strong></span> <span class='ocrx_word' id='word_1_77' title='bbox 460 1237 546 1300; x_wconf 90' lang='lat' dir='ltr'><strong>atque</strong></span> <span class='ocrx_word' id='word_1_78' title='bbox 578 1250 629 1288; x_wconf 91' lang='lat' dir='ltr'><strong>nos</strong></span> <span class='ocrx_word' id='word_1_79' title='bbox 661 1251 697 1288; x_wconf 83' lang='lat' dir='ltr'><strong>ex</strong></span> <span class='ocrx_word' id='word_1_80' title='bbox 724 1229 850 1287; x_wconf 82' lang='lat' dir='ltr'><strong>Lucieno</strong></span> <span class='ocrx_word' id='word_1_81' title='bbox 878 1229 1061 1288; x_wconf 90' lang='lat' dir='ltr'><strong>Hermannus</strong></span> <span class='ocrx_word' id='word_1_82' title='bbox 1093 1227 1145 1304; x_wconf 86' lang='lat' dir='ltr'><strong>(ad</strong></span> <span class='ocrx_word' id='word_1_83' title='bbox 1165 1229 1230 1301; x_wconf 87' lang='lat' dir='ltr'><strong>Vig.</strong></span> <span class='ocrx_word' id='word_1_84' title='bbox 1257 1251 1284 1302; x_wconf 90' lang='lat' dir='ltr'><strong>p.</strong></span> <span class='ocrx_word' id='word_1_85' title='bbox 1307 1228 1385 1307; x_wconf 89' lang='lat'>409)</span> <span class='ocrx_word' id='word_1_86' title='bbox 1417 1239 1451 1289; x_wconf 91' lang='lat' dir='ltr'><strong>et</strong></span> 
     </span>
     <span class='ocr_line' id='line_1_10' title="bbox 245 1323 1449 1401; baseline 0.001 -18"><span class='ocrx_word' id='word_1_87' title='bbox 245 1326 391 1396; x_wconf 82' lang='lat' dir='ltr'><strong>Schacfer,</strong></span> <span class='ocrx_word' id='word_1_88' title='bbox 414 1323 461 1400; x_wconf 88' lang='lat' dir='ltr'><strong>(ad</strong></span> <span class='ocrx_word' id='word_1_89' title='bbox 476 1325 508 1383; x_wconf 89' lang='lat' dir='ltr'><strong>L.</strong></span> <span class='ocrx_word' id='word_1_90' title='bbox 524 1325 591 1385; x_wconf 88' lang='lat' dir='ltr'><strong>Bos.</strong></span> <span class='ocrx_word' id='word_1_91' title='bbox 607 1327 694 1384; x_wconf 83' lang='lat' dir='ltr'><strong>index</strong></span> <span class='ocrx_word' id='word_1_92' title='bbox 708 1348 736 1398; x_wconf 85' lang='lat' dir='ltr'><strong>p.</strong></span> <span class='ocrx_word' id='word_1_93' title='bbox 752 1323 823 1401; x_wconf 84' lang='lat'>847)</span> <span class='ocrx_word' id='word_1_94' title='bbox 838 1347 874 1384; x_wconf 85' lang='lat' dir='ltr'><strong>ex</strong></span> <span class='ocrx_word' id='word_1_95' title='bbox 888 1326 1009 1385; x_wconf 90' lang='lat' dir='ltr'><strong>Platone</strong></span> <span class='ocrx_word' id='word_1_96' title='bbox 1024 1333 1054 1384; x_wconf 92' lang='lat' dir='ltr'><strong>et</strong></span> <span class='ocrx_word' id='word_1_97' title='bbox 1067 1326 1262 1398; x_wconf 85' lang='lat' dir='ltr'><strong>Xenophonte</strong></span> <span class='ocrx_word' id='word_1_98' title='bbox 1278 1329 1449 1385; x_wconf 89' lang='lat' dir='ltr'><strong>attuleruut.</strong></span> 
     </span>
    </p>

    <p class='ocr_par' dir='ltr' id='par_1_4' title="bbox 245 1422 1452 1591">
     <span class='ocr_line' id='line_1_11' title="bbox 324 1422 1452 1496; baseline 0.003 -16"><span class='ocrx_word' id='word_1_99' title='bbox 324 1423 359 1480; x_wconf 93' lang='lat' dir='ltr'><strong>In</strong></span> <span class='ocrx_word' id='word_1_100' title='bbox 381 1422 506 1481; x_wconf 86' lang='lat' dir='ltr'><strong>formula</strong></span> <span class='ocrx_word' id='word_1_101' title='bbox 523 1437 549 1480; x_wconf 81' lang='grc' dir='ltr'><strong>α’</strong></span> <span class='ocrx_word' id='word_1_102' title='bbox 559 1427 623 1481; x_wconf 79' lang='grc' dir='ltr'><em>ἄλλο</em></span> <span class='ocrx_word' id='word_1_103' title='bbox 637 1427 664 1494; x_wconf 72' lang='grc' dir='ltr'><strong>ἢ,</strong></span> <span class='ocrx_word' id='word_1_104' title='bbox 685 1443 756 1494; x_wconf 90' lang='lat' dir='ltr'><strong>quoe</strong></span> <span class='ocrx_word' id='word_1_105' title='bbox 774 1423 849 1481; x_wconf 92' lang='lat' dir='ltr'><strong>idem</strong></span> <span class='ocrx_word' id='word_1_106' title='bbox 868 1423 954 1494; x_wconf 89' lang='lat' dir='ltr'><strong>valet,</strong></span> <span class='ocrx_word' id='word_1_107' title='bbox 976 1423 1053 1494; x_wconf 93' lang='lat' dir='ltr'><strong>quod</strong></span> <span class='ocrx_word' id='word_1_108' title='bbox 1067 1427 1146 1481; x_wconf 74' lang='grc' dir='ltr'><em>οὐδὲν</em></span> <span class='ocrx_word' id='word_1_109' title='bbox 1158 1427 1222 1481; x_wconf 78' lang='grc' dir='ltr'><em>ἄλλο</em></span> <span class='ocrx_word' id='word_1_110' title='bbox 1236 1428 1252 1494; x_wconf 73' lang='grc' dir='ltr'><em>ἤ</em></span> <span class='ocrx_word' id='word_1_111' title='bbox 1266 1425 1324 1484; x_wconf 87' lang='lat' dir='ltr'><strong>sive</strong></span> <span class='ocrx_word' id='word_1_112' title='bbox 1339 1428 1452 1496; x_wconf 77' lang='grc' dir='ltr'><em>οίδλνῆ</em></span> 
     </span>
     <span class='ocr_line' id='line_1_12' title="bbox 245 1519 1450 1591; baseline -0.001 -13"><span class='ocrx_word' id='word_1_113' title='bbox 245 1520 419 1591; x_wconf 79' lang='lat' dir='ltr'><strong>adjectivum</strong></span> <span class='ocrx_word' id='word_1_114' title='bbox 441 1524 505 1578; x_wconf 77' lang='grc' dir='ltr'><em>ἄλλο</em></span> <span class='ocrx_word' id='word_1_115' title='bbox 530 1520 606 1590; x_wconf 86' lang='lat' dir='ltr'><strong>apud</strong></span> <span class='ocrx_word' id='word_1_116' title='bbox 627 1519 784 1578; x_wconf 88' lang='lat' dir='ltr'><strong>Lucianum</strong></span> <span class='ocrx_word' id='word_1_117' title='bbox 811 1539 868 1578; x_wconf 92' lang='lat' dir='ltr'><strong>non</strong></span> <span class='ocrx_word' id='word_1_118' title='bbox 889 1520 985 1578; x_wconf 88' lang='lat' dir='ltr'><strong>omitti</strong></span> <span class='ocrx_word' id='word_1_119' title='bbox 1010 1520 1083 1578; x_wconf 90' lang='lat' dir='ltr'><strong>solet</strong></span> <span class='ocrx_word' id='word_1_120' title='bbox 1110 1520 1148 1578; x_wconf 84' lang='lat' dir='ltr'><strong>cf.</strong></span> <span class='ocrx_word' id='word_1_121' title='bbox 1171 1520 1236 1579; x_wconf 89' lang='lat' dir='ltr'><strong>dial.</strong></span> <span class='ocrx_word' id='word_1_122' title='bbox 1259 1521 1335 1580; x_wconf 88' lang='lat' dir='ltr'><strong>deor.</strong></span> <span class='ocrx_word' id='word_1_123' title='bbox 1358 1519 1406 1591; x_wconf 82' lang='grc'><strong>23,</strong></span> <span class='ocrx_word' id='word_1_124' title='bbox 1428 1519 1450 1577; x_wconf 84' lang='grc'>2</span> 
     </span>
    </p>
   </div>
   <div class='ocr_carea' id='block_1_3' title="bbox 244 1613 1275 1693">
    <p class='ocr_par' dir='ltr' id='par_1_5' title="bbox 244 1613 1275 1693">
     <span class='ocr_line' id='line_1_13' title="bbox 244 1613 1275 1693; baseline 0.002 -19"><span class='ocrx_word' id='word_1_125' title='bbox 244 1616 285 1691; x_wconf 93' lang='grc'>(1,</span> <span class='ocrx_word' id='word_1_126' title='bbox 306 1613 386 1692; x_wconf 82' lang='grc'>274).</span> <span class='ocrx_word' id='word_1_127' title='bbox 429 1616 553 1674; x_wconf 88' lang='lat' dir='ltr'><strong>Hermot</strong></span> <span class='ocrx_word' id='word_1_128' title='bbox 573 1615 612 1675; x_wconf 83' lang='lat'><strong>83</strong></span> <span class='ocrx_word' id='word_1_129' title='bbox 634 1614 673 1691; x_wconf 89' lang='grc'>(1,</span> <span class='ocrx_word' id='word_1_130' title='bbox 696 1614 775 1692; x_wconf 85' lang='grc'>828).</span> <span class='ocrx_word' id='word_1_131' title='bbox 818 1616 893 1674; x_wconf 87' lang='lat' dir='ltr'><strong>Dial.</strong></span> <span class='ocrx_word' id='word_1_132' title='bbox 916 1625 999 1676; x_wconf 90' lang='lat' dir='ltr'><strong>mort.</strong></span> <span class='ocrx_word' id='word_1_133' title='bbox 1022 1615 1070 1688; x_wconf 83' lang='lat'><strong>23,</strong></span> <span class='ocrx_word' id='word_1_134' title='bbox 1092 1617 1110 1674; x_wconf 83' lang='lat'><strong>2</strong></span> <span class='ocrx_word' id='word_1_135' title='bbox 1132 1615 1172 1691; x_wconf 92' lang='grc'>(1,</span> <span class='ocrx_word' id='word_1_136' title='bbox 1195 1615 1275 1693; x_wconf 85' lang='grc'>391).</span> 
     </span>
    </p>
   </div>
   <div class='ocr_carea' id='block_1_4' title="bbox 243 1739 1453 3091">
    <p class='ocr_par' dir='ltr' id='par_1_6' title="bbox 244 1739 347 1824">
     <span class='ocr_line' id='line_1_14' title="bbox 244 1739 347 1824; baseline -0.019 -18"><span class='ocrx_word' id='word_1_137' title='bbox 244 1739 347 1824; x_wconf 66' lang='grc' dir='ltr'><em>ἔχωνς</em></span> 
     </span>
    </p>

    <p class='ocr_par' dir='ltr' id='par_1_7' title="bbox 243 1849 1453 2600">
     <span class='ocr_line' id='line_1_15' title="bbox 324 1849 1452 1928; baseline -0.001 -19"><span class='ocrx_word' id='word_1_138' title='bbox 324 1850 509 1922; x_wconf 86' lang='lat' dir='ltr'><strong>Participium</strong></span> <span class='ocrx_word' id='word_1_139' title='bbox 532 1858 601 1928; x_wconf 67' lang='grc' dir='ltr'><em>ἔχων</em></span> <span class='ocrx_word' id='word_1_140' title='bbox 623 1849 794 1909; x_wconf 82' lang='lat' dir='ltr'><strong>substantivi</strong></span> <span class='ocrx_word' id='word_1_141' title='bbox 815 1851 877 1909; x_wconf 88' lang='lat' dir='ltr'><strong>loeo</strong></span> <span class='ocrx_word' id='word_1_142' title='bbox 899 1850 974 1922; x_wconf 88' lang='lat' dir='ltr'><strong>apud</strong></span> <span class='ocrx_word' id='word_1_143' title='bbox 996 1850 1153 1908; x_wconf 86' lang='lat' dir='ltr'><strong>Lucianum</strong></span> <span class='ocrx_word' id='word_1_144' title='bbox 1181 1852 1326 1922; x_wconf 87' lang='lat' dir='ltr'><strong>omissum,</strong></span> <span class='ocrx_word' id='word_1_145' title='bbox 1353 1853 1452 1908; x_wconf 91' lang='lat' dir='ltr'><strong>itaut</strong></span> 
     </span>
     <span class='ocr_line' id='line_1_16' title="bbox 244 1946 1450 2026; baseline 0.002 -22"><span class='ocrx_word' id='word_1_146' title='bbox 244 1947 379 2004; x_wconf 80' lang='lat' dir='ltr'><strong>articulus</strong></span> <span class='ocrx_word' id='word_1_147' title='bbox 408 1955 521 2004; x_wconf 89' lang='lat' dir='ltr'><strong>tautum</strong></span> <span class='ocrx_word' id='word_1_148' title='bbox 549 1946 687 2017; x_wconf 82' lang='lat' dir='ltr'><strong>adjuncto</strong></span> <span class='ocrx_word' id='word_1_149' title='bbox 715 1948 876 2006; x_wconf 88' lang='lat' dir='ltr'><strong>accusativo</strong></span> <span class='ocrx_word' id='word_1_150' title='bbox 906 1955 1029 2018; x_wconf 86' lang='lat' dir='ltr'><strong>ponatur</strong></span> <span class='ocrx_word' id='word_1_151' title='bbox 1056 1948 1136 2006; x_wconf 91' lang='lat' dir='ltr'><strong>velut</strong></span> <span class='ocrx_word' id='word_1_152' title='bbox 1162 1951 1176 2005; x_wconf 81' lang='grc' dir='ltr'><em>ὁ</em></span> <span class='ocrx_word' id='word_1_153' title='bbox 1202 1960 1228 2006; x_wconf 80' lang='grc' dir='ltr'><strong>τὸ</strong></span> <span class='ocrx_word' id='word_1_154' title='bbox 1250 1952 1327 2015; x_wconf 77' lang='grc' dir='ltr'><em>ξύλον</em></span> <span class='ocrx_word' id='word_1_155' title='bbox 1349 1955 1450 2026; x_wconf 75' lang='grc' dir='ltr'>(ἔχων),</span> 
     </span>
     <span class='ocr_line' id='line_1_17' title="bbox 245 2043 1451 2116; baseline 0.001 -15"><span class='ocrx_word' id='word_1_156' title='bbox 245 2065 333 2114; x_wconf 89' lang='lat' dir='ltr'><strong>quum</strong></span> <span class='ocrx_word' id='word_1_157' title='bbox 354 2064 405 2115; x_wconf 89' lang='lat' dir='ltr'><strong>per</strong></span> <span class='ocrx_word' id='word_1_158' title='bbox 427 2064 466 2114; x_wconf 91' lang='lat' dir='ltr'><strong>se,</strong></span> <span class='ocrx_word' id='word_1_159' title='bbox 489 2053 549 2101; x_wconf 89' lang='lat' dir='ltr'><strong>tum</strong></span> <span class='ocrx_word' id='word_1_160' title='bbox 573 2052 723 2115; x_wconf 89' lang='lat' dir='ltr'><strong>propterea</strong></span> <span class='ocrx_word' id='word_1_161' title='bbox 744 2043 927 2102; x_wconf 83' lang='lat' dir='ltr'><strong>memorabile</strong></span> <span class='ocrx_word' id='word_1_162' title='bbox 949 2052 1002 2114; x_wconf 91' lang='lat' dir='ltr'><strong>est,</strong></span> <span class='ocrx_word' id='word_1_163' title='bbox 1025 2044 1102 2114; x_wconf 91' lang='lat' dir='ltr'><strong>quod</strong></span> <span class='ocrx_word' id='word_1_164' title='bbox 1124 2044 1199 2116; x_wconf 90' lang='lat' dir='ltr'><strong>apud</strong></span> <span class='ocrx_word' id='word_1_165' title='bbox 1220 2046 1297 2103; x_wconf 88' lang='lat' dir='ltr'><strong>hune</strong></span> <span class='ocrx_word' id='word_1_166' title='bbox 1311 2046 1451 2116; x_wconf 86' lang='lat' dir='ltr'><strong>frequens</strong></span> 
     </span>
     <span class='ocr_line' id='line_1_18' title="bbox 244 2139 1451 2212; baseline 0.002 -15"><span class='ocrx_word' id='word_1_167' title='bbox 244 2149 297 2211; x_wconf 87' lang='lat' dir='ltr'><strong>est,</strong></span> <span class='ocrx_word' id='word_1_168' title='bbox 319 2141 395 2212; x_wconf 89' lang='lat' dir='ltr'><strong>apud</strong></span> <span class='ocrx_word' id='word_1_169' title='bbox 410 2149 520 2198; x_wconf 89' lang='lat' dir='ltr'><strong>veteres</strong></span> <span class='ocrx_word' id='word_1_170' title='bbox 537 2142 688 2211; x_wconf 80' lang='lat' dir='ltr'><strong>scriptores</strong></span> <span class='ocrx_word' id='word_1_171' title='bbox 703 2161 766 2199; x_wconf 89' lang='lat' dir='ltr'><strong>raro</strong></span> <span class='ocrx_word' id='word_1_172' title='bbox 780 2141 892 2212; x_wconf 85' lang='lat' dir='ltr'><strong>legitur.</strong></span> <span class='ocrx_word' id='word_1_173' title='bbox 925 2139 1008 2198; x_wconf 90' lang='lat' dir='ltr'><strong>Hanc</strong></span> <span class='ocrx_word' id='word_1_174' title='bbox 1022 2140 1176 2198; x_wconf 85' lang='lat' dir='ltr'><strong>formulam</strong></span> <span class='ocrx_word' id='word_1_175' title='bbox 1192 2162 1228 2199; x_wconf 87' lang='lat' dir='ltr'><strong>ex</strong></span> <span class='ocrx_word' id='word_1_176' title='bbox 1242 2162 1295 2199; x_wconf 92' lang='lat' dir='ltr'><strong>usu</strong></span> <span class='ocrx_word' id='word_1_177' title='bbox 1310 2143 1451 2200; x_wconf 89' lang='lat' dir='ltr'><strong>sermonis</strong></span> 
     </span>
     <span class='ocr_line' id='line_1_19' title="bbox 243 2237 1451 2310; baseline 0.001 -15"><span class='ocrx_word' id='word_1_178' title='bbox 243 2238 367 2309; x_wconf 85' lang='lat' dir='ltr'><strong>vulgaris</strong></span> <span class='ocrx_word' id='word_1_179' title='bbox 394 2257 410 2294; x_wconf 91' lang='lat' dir='ltr'><strong>a</strong></span> <span class='ocrx_word' id='word_1_180' title='bbox 435 2237 621 2308; x_wconf 85' lang='lat' dir='ltr'><strong>scriptoribus</strong></span> <span class='ocrx_word' id='word_1_181' title='bbox 648 2247 792 2308; x_wconf 84' lang='lat' dir='ltr'><strong>sumptam</strong></span> <span class='ocrx_word' id='word_1_182' title='bbox 818 2257 889 2308; x_wconf 85' lang='lat' dir='ltr'><strong>esse,</strong></span> <span class='ocrx_word' id='word_1_183' title='bbox 916 2258 972 2308; x_wconf 93' lang='lat' dir='ltr'><strong>qua</strong></span> <span class='ocrx_word' id='word_1_184' title='bbox 998 2237 1172 2295; x_wconf 84' lang='lat' dir='ltr'><strong>cotidianum</strong></span> <span class='ocrx_word' id='word_1_185' title='bbox 1198 2238 1333 2309; x_wconf 89' lang='lat' dir='ltr'><strong>loquendi</strong></span> <span class='ocrx_word' id='word_1_186' title='bbox 1359 2259 1451 2310; x_wconf 90' lang='lat' dir='ltr'><strong>genus</strong></span> 
     </span>
     <span class='ocr_line' id='line_1_20' title="bbox 244 2333 1453 2406; baseline 0.001 -15"><span class='ocrx_word' id='word_1_187' title='bbox 244 2335 433 2405; x_wconf 87' lang='lat' dir='ltr'><strong>imitarentur,</strong></span> <span class='ocrx_word' id='word_1_188' title='bbox 455 2334 540 2392; x_wconf 83' lang='lat' dir='ltr'><strong>facile</strong></span> <span class='ocrx_word' id='word_1_189' title='bbox 563 2335 750 2405; x_wconf 87' lang='lat' dir='ltr'><strong>cognoscitur.</strong></span> <span class='ocrx_word' id='word_1_190' title='bbox 786 2334 889 2404; x_wconf 86' lang='lat' dir='ltr'><strong>Itaque</strong></span> <span class='ocrx_word' id='word_1_191' title='bbox 911 2335 940 2391; x_wconf 92' lang='lat' dir='ltr'><strong>in</strong></span> <span class='ocrx_word' id='word_1_192' title='bbox 960 2334 1078 2406; x_wconf 82' lang='lat' dir='ltr'><strong>dialogis</strong></span> <span class='ocrx_word' id='word_1_193' title='bbox 1092 2333 1242 2392; x_wconf 89' lang='lat' dir='ltr'><strong>Lucianeis</strong></span> <span class='ocrx_word' id='word_1_194' title='bbox 1257 2356 1340 2393; x_wconf 92' lang='lat' dir='ltr'><strong>suum</strong></span> <span class='ocrx_word' id='word_1_195' title='bbox 1362 2335 1453 2393; x_wconf 88' lang='lat' dir='ltr'><strong>habet</strong></span> 
     </span>
     <span class='ocr_line' id='line_1_21' title="bbox 244 2431 1451 2502; baseline 0.001 -14"><span class='ocrx_word' id='word_1_196' title='bbox 244 2431 335 2488; x_wconf 86' lang='lat' dir='ltr'><strong>locum</strong></span> <span class='ocrx_word' id='word_1_197' title='bbox 353 2439 438 2501; x_wconf 87' lang='lat' dir='ltr'><strong>atque</strong></span> <span class='ocrx_word' id='word_1_198' title='bbox 453 2432 482 2488; x_wconf 92' lang='lat' dir='ltr'><strong>in</strong></span> <span class='ocrx_word' id='word_1_199' title='bbox 496 2432 542 2488; x_wconf 89' lang='lat' dir='ltr'><strong>his</strong></span> <span class='ocrx_word' id='word_1_200' title='bbox 557 2431 623 2488; x_wconf 88' lang='lat' dir='ltr'><strong>solis</strong></span> <span class='ocrx_word' id='word_1_201' title='bbox 639 2432 769 2501; x_wconf 80' lang='lat' dir='ltr'><strong>occurrit,</strong></span> <span class='ocrx_word' id='word_1_202' title='bbox 792 2440 905 2501; x_wconf 88' lang='lat' dir='ltr'><strong>praeter</strong></span> <span class='ocrx_word' id='word_1_203' title='bbox 918 2451 1006 2488; x_wconf 93' lang='lat' dir='ltr'><strong>unum</strong></span> <span class='ocrx_word' id='word_1_204' title='bbox 1022 2431 1195 2502; x_wconf 86' lang='lat' dir='ltr'><strong>exemplum,</strong></span> <span class='ocrx_word' id='word_1_205' title='bbox 1218 2432 1293 2502; x_wconf 92' lang='lat' dir='ltr'><strong>quod</strong></span> <span class='ocrx_word' id='word_1_206' title='bbox 1308 2433 1337 2489; x_wconf 94' lang='lat' dir='ltr'><strong>in</strong></span> <span class='ocrx_word' id='word_1_207' title='bbox 1352 2432 1451 2491; x_wconf 90' lang='lat' dir='ltr'><strong>libello</strong></span> 
     </span>
     <span class='ocr_line' id='line_1_22' title="bbox 245 2527 1450 2600; baseline 0.001 -15"><span class='ocrx_word' id='word_1_208' title='bbox 245 2527 279 2585; x_wconf 92' lang='lat' dir='ltr'><strong>de</strong></span> <span class='ocrx_word' id='word_1_209' title='bbox 292 2529 396 2586; x_wconf 87' lang='lat' dir='ltr'><strong>electro</strong></span> <span class='ocrx_word' id='word_1_210' title='bbox 409 2549 430 2585; x_wconf 84' lang='lat' dir='ltr'><strong>e.</strong></span> <span class='ocrx_word' id='word_1_211' title='bbox 444 2529 538 2597; x_wconf 86' lang='lat' dir='ltr'><strong>cycnis</strong></span> <span class='ocrx_word' id='word_1_212' title='bbox 550 2536 602 2585; x_wconf 90' lang='lat' dir='ltr'><strong>est.</strong></span> <span class='ocrx_word' id='word_1_213' title='bbox 630 2527 775 2599; x_wconf 89' lang='lat' dir='ltr'><strong>Imprimis</strong></span> <span class='ocrx_word' id='word_1_214' title='bbox 791 2531 804 2585; x_wconf 87' lang='grc' dir='ltr'>ὁ</span> <span class='ocrx_word' id='word_1_215' title='bbox 827 2547 850 2585; x_wconf 87' lang='grc' dir='ltr'><strong>ο.</strong></span> <span class='ocrx_word' id='word_1_216' title='bbox 864 2548 920 2584; x_wconf 89' lang='lat' dir='ltr'><strong>acc.</strong></span> <span class='ocrx_word' id='word_1_217' title='bbox 936 2529 964 2584; x_wconf 93' lang='lat' dir='ltr'><strong>in</strong></span> <span class='ocrx_word' id='word_1_218' title='bbox 977 2528 1246 2599; x_wconf 84' lang='lat' dir='ltr'><strong>interrogationibus</strong></span> <span class='ocrx_word' id='word_1_219' title='bbox 1258 2529 1383 2600; x_wconf 89' lang='lat' dir='ltr'><strong>positum</strong></span> <span class='ocrx_word' id='word_1_220' title='bbox 1395 2536 1450 2586; x_wconf 88' lang='lat' dir='ltr'><strong>est.</strong></span> 
     </span>
    </p>

    <p class='ocr_par' dir='ltr' id='par_1_8' title="bbox 244 2624 1453 2995">
     <span class='ocr_line' id='line_1_23' title="bbox 325 2624 1453 2704; baseline 0.002 -22"><span class='ocrx_word' id='word_1_221' title='bbox 325 2624 480 2696; x_wconf 78' lang='lat' dir='ltr'><strong>Exempla:</strong></span> <span class='ocrx_word' id='word_1_222' title='bbox 510 2629 524 2683; x_wconf 80' lang='grc' dir='ltr'><em>ὅ</em></span> <span class='ocrx_word' id='word_1_223' title='bbox 544 2632 573 2684; x_wconf 79' lang='grc' dir='ltr'><strong>δὲ</strong></span> <span class='ocrx_word' id='word_1_224' title='bbox 591 2629 638 2697; x_wconf 70' lang='grc' dir='ltr'><strong>τήν</strong></span> <span class='ocrx_word' id='word_1_225' title='bbox 656 2632 809 2704; x_wconf 89' lang='grc' dir='ltr'><em>πορφυρίδα</em></span> <span class='ocrx_word' id='word_1_226' title='bbox 828 2629 916 2682; x_wconf 76' lang='grc' dir='ltr'><em>οὑτοσί</em></span> <span class='ocrx_word' id='word_1_227' title='bbox 932 2632 976 2682; x_wconf 85' lang='grc' dir='ltr'><strong>καὶ</strong></span> <span class='ocrx_word' id='word_1_228' title='bbox 995 2635 1022 2682; x_wconf 81' lang='grc' dir='ltr'><strong>τὸ</strong></span> <span class='ocrx_word' id='word_1_229' title='bbox 1041 2628 1170 2702; x_wconf 77' lang='grc' dir='ltr'><em>διάδημα,</em></span> <span class='ocrx_word' id='word_1_230' title='bbox 1190 2629 1344 2704; x_wconf 77' lang='grc' dir='ltr'><em>ὁβλόσυρος</em></span> <span class='ocrx_word' id='word_1_231' title='bbox 1356 2639 1394 2691; x_wconf 79' lang='grc' dir='ltr'><strong>τίς</strong></span> <span class='ocrx_word' id='word_1_232' title='bbox 1412 2631 1453 2684; x_wconf 82' lang='grc' dir='ltr'><strong>ὥν</strong></span> 
     </span>
     <span class='ocr_line' id='line_1_24' title="bbox 244 2717 1452 2799; baseline 0 -19"><span class='ocrx_word' id='word_1_233' title='bbox 244 2725 399 2799; x_wconf 70' lang='grc' dir='ltr'><em>τυγχάνεις,</em></span> <span class='ocrx_word' id='word_1_234' title='bbox 429 2722 494 2780; x_wconf 91' lang='lat' dir='ltr'><strong>dial.</strong></span> <span class='ocrx_word' id='word_1_235' title='bbox 524 2731 607 2779; x_wconf 89' lang='lat' dir='ltr'><strong>mort.</strong></span> <span class='ocrx_word' id='word_1_236' title='bbox 632 2720 678 2792; x_wconf 88' lang='lat'><strong>10,</strong></span> <span class='ocrx_word' id='word_1_237' title='bbox 705 2717 724 2777; x_wconf 95' lang='lat'>4</span> <span class='ocrx_word' id='word_1_238' title='bbox 750 2719 794 2795; x_wconf 92' lang='grc'>(1,</span> <span class='ocrx_word' id='word_1_239' title='bbox 822 2718 897 2796; x_wconf 83' lang='grc'>365)</span> <span class='ocrx_word' id='word_1_240' title='bbox 926 2722 964 2779; x_wconf 87' lang='lat' dir='ltr'><strong>ef.</strong></span> <span class='ocrx_word' id='word_1_241' title='bbox 995 2722 1117 2780; x_wconf 92' lang='lat' dir='ltr'><strong>eundem</strong></span> <span class='ocrx_word' id='word_1_242' title='bbox 1146 2722 1289 2792; x_wconf 85' lang='lat' dir='ltr'><strong>dialogum</strong></span> <span class='ocrx_word' id='word_1_243' title='bbox 1310 2723 1378 2780; x_wconf 87' lang='lat' dir='ltr'><strong>infr.</strong></span> <span class='ocrx_word' id='word_1_244' title='bbox 1401 2723 1452 2781; x_wconf 90' lang='lat' dir='ltr'><strong>ubi</strong></span> 
     </span>
     <span class='ocr_line' id='line_1_25' title="bbox 245 2818 1451 2898; baseline 0.002 -22"><span class='ocrx_word' id='word_1_245' title='bbox 245 2827 323 2896; x_wconf 69' lang='grc' dir='ltr'>ἔχων,</span> <span class='ocrx_word' id='word_1_246' title='bbox 347 2818 422 2888; x_wconf 92' lang='lat' dir='ltr'><strong>quod</strong></span> <span class='ocrx_word' id='word_1_247' title='bbox 451 2838 537 2890; x_wconf 89' lang='lat' dir='ltr'><strong>supra</strong></span> <span class='ocrx_word' id='word_1_248' title='bbox 565 2819 750 2888; x_wconf 87' lang='lat' dir='ltr'><strong>desideratur,</strong></span> <span class='ocrx_word' id='word_1_249' title='bbox 780 2819 906 2888; x_wconf 84' lang='lat' dir='ltr'><strong>positum</strong></span> <span class='ocrx_word' id='word_1_250' title='bbox 935 2827 994 2875; x_wconf 89' lang='lat' dir='ltr'><strong>est:</strong></span> <span class='ocrx_word' id='word_1_251' title='bbox 1026 2833 1052 2876; x_wconf 78' lang='grc' dir='ltr'><strong>τί</strong></span> <span class='ocrx_word' id='word_1_252' title='bbox 1074 2819 1123 2877; x_wconf 76' lang='grc' dir='ltr'><strong>οὖν</strong></span> <span class='ocrx_word' id='word_1_253' title='bbox 1148 2820 1169 2876; x_wconf 77' lang='lat' dir='ltr'><strong>ol</strong></span> <span class='ocrx_word' id='word_1_254' title='bbox 1190 2822 1315 2898; x_wconf 73' lang='grc' dir='ltr'><em>Λάμπιχε</em></span> <span class='ocrx_word' id='word_1_255' title='bbox 1339 2832 1451 2878; x_wconf 73' lang='grc' dir='ltr'><em>τοσαῦτα</em></span> 
     </span>
     <span class='ocr_line' id='line_1_26' title="bbox 245 2918 918 2995; baseline 0.001 -23"><span class='ocrx_word' id='word_1_256' title='bbox 245 2924 315 2993; x_wconf 69' lang='grc' dir='ltr'><strong>ἔχων</strong></span> <span class='ocrx_word' id='word_1_257' title='bbox 333 2919 419 2995; x_wconf 83' lang='grc' dir='ltr'><em>πάρει,</em></span> <span class='ocrx_word' id='word_1_258' title='bbox 438 2923 482 2973; x_wconf 83' lang='lat' dir='ltr'><strong>et:</strong></span> <span class='ocrx_word' id='word_1_259' title='bbox 509 2927 535 2972; x_wconf 81' lang='grc' dir='ltr'><strong>τὸ</strong></span> <span class='ocrx_word' id='word_1_260' title='bbox 550 2918 671 2993; x_wconf 76' lang='grc' dir='ltr'><em>διάδημα</em></span> <span class='ocrx_word' id='word_1_261' title='bbox 690 2923 769 2973; x_wconf 78' lang='grc' dir='ltr'><em>ἔασόν</em></span> <span class='ocrx_word' id='word_1_262' title='bbox 786 2941 820 2994; x_wconf 82' lang='grc' dir='ltr'><strong>με</strong></span> <span class='ocrx_word' id='word_1_263' title='bbox 840 2924 918 2993; x_wconf 75' lang='grc' dir='ltr'><em>ἔχειν.</em></span> 
     </span>
    </p>

    <p class='ocr_par' dir='ltr' id='par_1_9' title="bbox 280 3009 1330 3091">
     <span class='ocr_line' id='line_1_27' title="bbox 280 3009 1330 3091; baseline 0 -21"><span class='ocrx_word' id='word_1_264' title='bbox 280 3017 327 3084; x_wconf 77' lang='grc' dir='ltr'><strong>τήν</strong></span> <span class='ocrx_word' id='word_1_265' title='bbox 344 3016 467 3091; x_wconf 79' lang='grc' dir='ltr'><em>μεγάλην</em></span> <span class='ocrx_word' id='word_1_266' title='bbox 485 3015 637 3090; x_wconf 72' lang='grc' dir='ltr'><em>ἀκρόπολιν,</em></span> <span class='ocrx_word' id='word_1_267' title='bbox 657 3016 704 3083; x_wconf 75' lang='grc' dir='ltr'><strong>τήν</strong></span> <span class='ocrx_word' id='word_1_268' title='bbox 721 3016 748 3070; x_wconf 78' lang='grc' dir='ltr'><strong>τὸ</strong></span> <span class='ocrx_word' id='word_1_269' title='bbox 768 3019 892 3091; x_wconf 72' lang='grc' dir='ltr'><strong>τριπλοῦν</strong></span> <span class='ocrx_word' id='word_1_270' title='bbox 909 3021 992 3089; x_wconf 78' lang='grc' dir='ltr'><em>τεῖχος</em></span> <span class='ocrx_word' id='word_1_271' title='bbox 1013 3011 1126 3069; x_wconf 76' lang='lat' dir='ltr'><strong>Charon</strong></span> <span class='ocrx_word' id='word_1_272' title='bbox 1148 3009 1166 3068; x_wconf 88' lang='lat'>9</span> <span class='ocrx_word' id='word_1_273' title='bbox 1188 3010 1228 3086; x_wconf 89' lang='grc'>(1,</span> <span class='ocrx_word' id='word_1_274' title='bbox 1251 3011 1330 3088; x_wconf 83' lang='grc'>501).</span> 
     </span>
    </p>
   </div>
   <div class='ocr_carea' id='block_1_5' title="bbox 282 3100 1596 3180">
    <p class='ocr_par' dir='ltr' id='par_1_10' title="bbox 282 3100 1596 3180">
     <span class='ocr_line' id='line_1_28' title="bbox 282 3100 1596 3180; baseline 0.002 -22"><span class='ocrx_word' id='word_1_275' title='bbox 282 3107 379 3165; x_wconf 72' lang='grc' dir='ltr'><em>ἐκεῖνος</em></span> <span class='ocrx_word' id='word_1_276' title='bbox 398 3108 428 3158; x_wconf 80' lang='grc' dir='ltr'><strong>δὲ</strong></span> <span class='ocrx_word' id='word_1_277' title='bbox 447 3113 484 3165; x_wconf 78' lang='grc' dir='ltr'><strong>τίς</strong></span> <span class='ocrx_word' id='word_1_278' title='bbox 503 3105 583 3173; x_wconf 77' lang='grc' dir='ltr'><strong>ε’συιν,</strong></span> <span class='ocrx_word' id='word_1_279' title='bbox 603 3100 624 3156; x_wconf 84' lang='lat' dir='ltr'><strong>ol</strong></span> <span class='ocrx_word' id='word_1_280' title='bbox 642 3103 736 3178; x_wconf 73' lang='grc' dir='ltr'>Ἑρμῆ,</span> <span class='ocrx_word' id='word_1_281' title='bbox 755 3104 768 3158; x_wconf 83' lang='grc' dir='ltr'>ὁ</span> <span class='ocrx_word' id='word_1_282' title='bbox 787 3103 834 3171; x_wconf 72' lang='grc' dir='ltr'><strong>τήν</strong></span> <span class='ocrx_word' id='word_1_283' title='bbox 852 3111 994 3179; x_wconf 75' lang='grc' dir='ltr'><em>πορφυρᾶν</em></span> <span class='ocrx_word' id='word_1_284' title='bbox 1013 3107 1156 3179; x_wconf 71' lang='grc' dir='ltr'><em>ἐφεστρίδα</em></span> <span class='ocrx_word' id='word_1_285' title='bbox 1176 3107 1450 3180; x_wconf 68' lang='grc' dir='ltr'><em>ε’,ιιπεπορπημίνος,ὁ</em></span> <span class='ocrx_word' id='word_1_286' title='bbox 1499 3115 1501 3120; x_wconf 84' lang='grc'><strong>’</strong></span> <span class='ocrx_word' id='word_1_287' title='bbox 1595 3103 1596 3110; x_wconf 32' lang='lat'>¹</span> 
     </span>
    </p>
   </div>
   <div class='ocr_carea' id='block_1_6' title="bbox 281 3194 1451 4244">
    <p class='ocr_par' dir='ltr' id='par_1_11' title="bbox 281 3194 1451 4244">
     <span class='ocr_line' id='line_1_29' title="bbox 352 3194 898 3280; baseline -0.004 -25"><span class='ocrx_word' id='word_1_288' title='bbox 352 3201 379 3255; x_wconf 79' lang='grc' dir='ltr'><strong>αλ</strong></span> <span class='ocrx_word' id='word_1_289' title='bbox 399 3200 533 3280; x_wconf 49' lang='grc' dir='ltr'><em>διάδημα</em></span> <span class='ocrx_word' id='word_1_290' title='bbox 560 3194 673 3254; x_wconf 81' lang='lat' dir='ltr'><strong>Charon</strong></span> <span class='ocrx_word' id='word_1_291' title='bbox 696 3194 734 3254; x_wconf 84' lang='lat'><strong>14</strong></span> <span class='ocrx_word' id='word_1_292' title='bbox 755 3195 795 3271; x_wconf 87' lang='lat'><strong>(1,</strong></span> <span class='ocrx_word' id='word_1_293' title='bbox 818 3194 898 3272; x_wconf 85' lang='lat'>509).</span> 
     </span>
     <span class='ocr_line' id='line_1_30' title="bbox 282 3279 982 3373; baseline -0.004 -20"><span class='ocrx_word' id='word_1_294' title='bbox 282 3299 297 3366; x_wconf 76' lang='grc' dir='ltr'><em>ἦ</em></span> <span class='ocrx_word' id='word_1_295' title='bbox 315 3298 361 3353; x_wconf 79' lang='grc' dir='ltr'><strong>τόν</strong></span> <span class='ocrx_word' id='word_1_296' title='bbox 377 3279 467 3373; x_wconf 79' lang='grc' dir='ltr'><em>με’γαν</em></span> <span class='ocrx_word' id='word_1_297' title='bbox 485 3301 623 3373; x_wconf 73' lang='grc' dir='ltr'><em>περίβολον</em></span> <span class='ocrx_word' id='word_1_298' title='bbox 645 3291 757 3351; x_wconf 71' lang='lat' dir='ltr'><strong>Charon</strong></span> <span class='ocrx_word' id='word_1_299' title='bbox 779 3291 817 3351; x_wconf 89' lang='grc'><strong>23</strong></span> <span class='ocrx_word' id='word_1_300' title='bbox 839 3290 879 3368; x_wconf 88' lang='grc'>(1,</span> <span class='ocrx_word' id='word_1_301' title='bbox 902 3291 982 3368; x_wconf 75' lang='grc'>522).</span> 
     </span>
     <span class='ocr_line' id='line_1_31' title="bbox 281 3386 775 3465; baseline -0.002 -16"><span class='ocrx_word' id='word_1_302' title='bbox 281 3395 341 3449; x_wconf 75' lang='lat' dir='ltr'><strong>dal</strong></span> <span class='ocrx_word' id='word_1_303' title='bbox 361 3394 438 3458; x_wconf 80' lang='grc' dir='ltr'><em>ξύλον</em></span> <span class='ocrx_word' id='word_1_304' title='bbox 460 3388 569 3461; x_wconf 80' lang='lat' dir='ltr'><strong>Oatapl.</strong></span> <span class='ocrx_word' id='word_1_305' title='bbox 592 3386 611 3446; x_wconf 96' lang='grc'>4</span> <span class='ocrx_word' id='word_1_306' title='bbox 633 3387 672 3464; x_wconf 94' lang='grc'>(1,</span> <span class='ocrx_word' id='word_1_307' title='bbox 695 3387 775 3465; x_wconf 82' lang='grc'>624).</span> 
     </span>
     <span class='ocr_line' id='line_1_32' title="bbox 281 3485 851 3568; baseline -0.004 -22"><span class='ocrx_word' id='word_1_308' title='bbox 281 3493 295 3545; x_wconf 81' lang='grc' dir='ltr'><em>ὖ</em></span> <span class='ocrx_word' id='word_1_309' title='bbox 314 3499 362 3560; x_wconf 76' lang='grc' dir='ltr'><strong>τῆν</strong></span> <span class='ocrx_word' id='word_1_310' title='bbox 380 3491 495 3568; x_wconf 74' lang='grc' dir='ltr'><em>σύριγγα</em></span> <span class='ocrx_word' id='word_1_311' title='bbox 517 3487 567 3544; x_wconf 85' lang='lat' dir='ltr'><strong>Bis</strong></span> <span class='ocrx_word' id='word_1_312' title='bbox 588 3507 645 3544; x_wconf 82' lang='lat' dir='ltr'><strong>acc.</strong></span> <span class='ocrx_word' id='word_1_313' title='bbox 668 3486 686 3544; x_wconf 76' lang='lat'>9</span> <span class='ocrx_word' id='word_1_314' title='bbox 708 3486 748 3561; x_wconf 89' lang='grc'><strong>(2,</strong></span> <span class='ocrx_word' id='word_1_315' title='bbox 771 3485 851 3562; x_wconf 83' lang='lat'>801).</span> 
     </span>
     <span class='ocr_line' id='line_1_33' title="bbox 283 3581 1264 3664; baseline -0.002 -22"><span class='ocrx_word' id='word_1_316' title='bbox 283 3588 297 3655; x_wconf 74' lang='grc' dir='ltr'><strong><em>ἦ</em></strong></span> <span class='ocrx_word' id='word_1_317' title='bbox 317 3588 496 3664; x_wconf 77' lang='grc' dir='ltr'><em>κατάγραφος,</em></span> <span class='ocrx_word' id='word_1_318' title='bbox 516 3587 531 3654; x_wconf 79' lang='grc' dir='ltr'><strong><em>ἧ</em></strong></span> <span class='ocrx_word' id='word_1_319' title='bbox 550 3587 581 3642; x_wconf 80' lang='grc' dir='ltr'><strong>πὶ</strong></span> <span class='ocrx_word' id='word_1_320' title='bbox 600 3592 710 3642; x_wconf 77' lang='grc' dir='ltr'><em>ποικίλα</em></span> <span class='ocrx_word' id='word_1_321' title='bbox 729 3609 764 3643; x_wconf 87' lang='lat' dir='ltr'><strong>se.</strong></span> <span class='ocrx_word' id='word_1_322' title='bbox 785 3588 799 3655; x_wconf 80' lang='grc' dir='ltr'><em>ἡ</em></span> <span class='ocrx_word' id='word_1_323' title='bbox 819 3587 888 3642; x_wconf 79' lang='grc' dir='ltr'><strong>Στοά</strong></span> <span class='ocrx_word' id='word_1_324' title='bbox 909 3583 959 3641; x_wconf 80' lang='lat' dir='ltr'><strong>Bis</strong></span> <span class='ocrx_word' id='word_1_325' title='bbox 981 3604 1037 3641; x_wconf 86' lang='lat' dir='ltr'><strong>acc.</strong></span> <span class='ocrx_word' id='word_1_326' title='bbox 1062 3582 1099 3640; x_wconf 79' lang='grc'><strong>19</strong></span> <span class='ocrx_word' id='word_1_327' title='bbox 1121 3582 1151 3658; x_wconf 94' lang='grc'><strong>(2</strong></span> <span class='ocrx_word' id='word_1_328' title='bbox 1184 3581 1264 3660; x_wconf 81' lang='lat'>814).</span> 
     </span>
     <span class='ocr_line' id='line_1_34' title="bbox 282 3677 1051 3761; baseline -0.003 -22"><span class='ocrx_word' id='word_1_329' title='bbox 282 3687 380 3746; x_wconf 74' lang='grc' dir='ltr'><em>ἐκεῖνος</em></span> <span class='ocrx_word' id='word_1_330' title='bbox 398 3685 412 3739; x_wconf 88' lang='grc' dir='ltr'>ὁ</span> <span class='ocrx_word' id='word_1_331' title='bbox 431 3684 461 3739; x_wconf 81' lang='grc' dir='ltr'><strong>ιδ</strong></span> <span class='ocrx_word' id='word_1_332' title='bbox 480 3684 561 3760; x_wconf 77' lang='grc' dir='ltr'><em>ῥάκια</em></span> <span class='ocrx_word' id='word_1_333' title='bbox 580 3684 610 3739; x_wconf 71' lang='grc' dir='ltr'><strong>αἱ</strong></span> <span class='ocrx_word' id='word_1_334' title='bbox 630 3683 729 3761; x_wconf 78' lang='grc' dir='ltr'><em>πιναρά</em></span> <span class='ocrx_word' id='word_1_335' title='bbox 752 3678 825 3738; x_wconf 80' lang='lat' dir='ltr'><strong>Gall.</strong></span> <span class='ocrx_word' id='word_1_336' title='bbox 850 3678 887 3737; x_wconf 94' lang='grc'><strong>14</strong></span> <span class='ocrx_word' id='word_1_337' title='bbox 909 3678 949 3755; x_wconf 88' lang='grc'><strong>(2,</strong></span> <span class='ocrx_word' id='word_1_338' title='bbox 972 3677 1051 3756; x_wconf 82' lang='grc'>724).</span> 
     </span>
     <span class='ocr_line' id='line_1_35' title="bbox 281 3773 1145 3856; baseline -0.001 -21"><span class='ocrx_word' id='word_1_339' title='bbox 281 3791 318 3843; x_wconf 75' lang='grc' dir='ltr'><strong>τίς</strong></span> <span class='ocrx_word' id='word_1_340' title='bbox 336 3773 409 3844; x_wconf 76' lang='grc' dir='ltr'><em>οὗτος</em></span> <span class='ocrx_word' id='word_1_341' title='bbox 427 3782 441 3838; x_wconf 86' lang='lat' dir='ltr'><strong>o‘</strong></span> <span class='ocrx_word' id='word_1_342' title='bbox 461 3782 552 3849; x_wconf 80' lang='grc' dir='ltr'><em>καλύς;</em></span> <span class='ocrx_word' id='word_1_343' title='bbox 572 3781 586 3836; x_wconf 80' lang='grc' dir='ltr'>ὅ</span> <span class='ocrx_word' id='word_1_344' title='bbox 605 3781 652 3849; x_wconf 73' lang='grc' dir='ltr'><strong>τήν</strong></span> <span class='ocrx_word' id='word_1_345' title='bbox 671 3781 802 3856; x_wconf 57' lang='lat' dir='ltr'><strong>redderem</strong></span> <span class='ocrx_word' id='word_1_346' title='bbox 825 3777 919 3848; x_wconf 80' lang='lat' dir='ltr'><strong>Fugit.</strong></span> <span class='ocrx_word' id='word_1_347' title='bbox 943 3775 980 3834; x_wconf 86' lang='grc'><strong>29</strong></span> <span class='ocrx_word' id='word_1_348' title='bbox 1003 3775 1043 3851; x_wconf 80' lang='grc'>(3,</span> <span class='ocrx_word' id='word_1_349' title='bbox 1066 3775 1145 3853; x_wconf 83' lang='grc'>380).</span> 
     </span>
     <span class='ocr_line' id='line_1_36' title="bbox 281 3871 1451 3956; baseline 0.001 -23"><span class='ocrx_word' id='word_1_350' title='bbox 281 3880 295 3933; x_wconf 82' lang='grc' dir='ltr'><em>ὁ</em></span> <span class='ocrx_word' id='word_1_351' title='bbox 306 3888 415 3956; x_wconf 75' lang='grc' dir='ltr'><em>Μίθρης</em></span> <span class='ocrx_word' id='word_1_352' title='bbox 427 3882 533 3949; x_wconf 73' lang='grc' dir='ltr'><strong>ἐκεῖνος,</strong></span> <span class='ocrx_word' id='word_1_353' title='bbox 546 3880 560 3934; x_wconf 80' lang='grc' dir='ltr'><em>ὃ</em></span> <span class='ocrx_word' id='word_1_354' title='bbox 571 3881 663 3946; x_wconf 79' lang='grc' dir='ltr'><em>Μῆδος</em></span> <span class='ocrx_word' id='word_1_355' title='bbox 675 3879 689 3932; x_wconf 83' lang='grc' dir='ltr'><strong><em>ὁ</em></strong></span> <span class='ocrx_word' id='word_1_356' title='bbox 700 3879 744 3932; x_wconf 81' lang='grc' dir='ltr'><strong>τὸν</strong></span> <span class='ocrx_word' id='word_1_357' title='bbox 752 3878 855 3933; x_wconf 78' lang='grc' dir='ltr'><em>κάνδυν</em></span> <span class='ocrx_word' id='word_1_358' title='bbox 865 3888 912 3932; x_wconf 86' lang='grc' dir='ltr'><strong>καί</strong></span> <span class='ocrx_word' id='word_1_359' title='bbox 919 3886 966 3946; x_wconf 76' lang='grc' dir='ltr'><strong>τῆν</strong></span> <span class='ocrx_word' id='word_1_360' title='bbox 975 3877 1069 3952; x_wconf 75' lang='grc' dir='ltr'><em>τιάραν</em></span> <span class='ocrx_word' id='word_1_361' title='bbox 1081 3873 1166 3932; x_wconf 82' lang='lat' dir='ltr'><strong>Deor.</strong></span> <span class='ocrx_word' id='word_1_362' title='bbox 1179 3874 1277 3932; x_wconf 81' lang='lat' dir='ltr'><strong>concil.</strong></span> <span class='ocrx_word' id='word_1_363' title='bbox 1290 3871 1308 3930; x_wconf 79' lang='grc'><strong>9</strong></span> <span class='ocrx_word' id='word_1_364' title='bbox 1320 3871 1359 3947; x_wconf 82' lang='grc'>(3,</span> <span class='ocrx_word' id='word_1_365' title='bbox 1369 3873 1451 3951; x_wconf 83' lang='grc'>533).</span> 
     </span>
     <span class='ocr_line' id='line_1_37' title="bbox 282 3969 1412 4052; baseline -0.002 -21"><span class='ocrx_word' id='word_1_366' title='bbox 282 3977 340 4030; x_wconf 76' lang='grc' dir='ltr'><em>πότε</em></span> <span class='ocrx_word' id='word_1_367' title='bbox 360 3979 389 4031; x_wconf 78' lang='grc' dir='ltr'><strong>δὲ</strong></span> <span class='ocrx_word' id='word_1_368' title='bbox 408 3979 449 4031; x_wconf 80' lang='grc' dir='ltr'><strong>ε’πί</strong></span> <span class='ocrx_word' id='word_1_369' title='bbox 468 3975 513 4038; x_wconf 75' lang='grc' dir='ltr'><strong>τοὶς</strong></span> <span class='ocrx_word' id='word_1_370' title='bbox 531 3980 665 4052; x_wconf 83' lang='grc' dir='ltr'><em>αἰγείρους</em></span> <span class='ocrx_word' id='word_1_371' title='bbox 683 3974 849 4049; x_wconf 71' lang='grc' dir='ltr'><em>ἀφιξόμεθα,</em></span> <span class='ocrx_word' id='word_1_372' title='bbox 867 3973 912 4036; x_wconf 78' lang='grc' dir='ltr'><strong>πδς</strong></span> <span class='ocrx_word' id='word_1_373' title='bbox 930 3975 957 4029; x_wconf 79' lang='lat' dir='ltr'><strong>ui</strong></span> <span class='ocrx_word' id='word_1_374' title='bbox 977 3975 1100 4048; x_wconf 76' lang='grc' dir='ltr'><em>ἤλεκτρον</em></span> <span class='ocrx_word' id='word_1_375' title='bbox 1120 3970 1225 4029; x_wconf 57' lang='lat' dir='ltr'><strong>Electra</strong></span> <span class='ocrx_word' id='word_1_376' title='bbox 1249 3971 1267 4028; x_wconf 94' lang='grc'>2</span> <span class='ocrx_word' id='word_1_377' title='bbox 1289 3969 1329 4045; x_wconf 80' lang='grc'>(3,</span> <span class='ocrx_word' id='word_1_378' title='bbox 1351 3969 1412 4046; x_wconf 80' lang='grc'>88).</span> 
     </span>
     <span class='ocr_line' id='line_1_38' title="bbox 326 4067 1327 4147; baseline -0.002 -20"><span class='ocrx_word' id='word_1_379' title='bbox 326 4068 427 4140; x_wconf 90' lang='lat' dir='ltr'><strong>Neque</strong></span> <span class='ocrx_word' id='word_1_380' title='bbox 447 4090 514 4129; x_wconf 89' lang='lat' dir='ltr'><strong>vero</strong></span> <span class='ocrx_word' id='word_1_381' title='bbox 535 4077 613 4147; x_wconf 75' lang='grc' dir='ltr'>ἔχων,</span> <span class='ocrx_word' id='word_1_382' title='bbox 640 4067 690 4126; x_wconf 92' lang='lat' dir='ltr'><strong>sed</strong></span> <span class='ocrx_word' id='word_1_383' title='bbox 711 4071 797 4133; x_wconf 69' lang='grc' dir='ltr'><em>θύσας</em></span> <span class='ocrx_word' id='word_1_384' title='bbox 817 4068 931 4126; x_wconf 89' lang='lat' dir='ltr'><strong>videtur</strong></span> <span class='ocrx_word' id='word_1_385' title='bbox 951 4067 1177 4127; x_wconf 83' lang='lat' dir='ltr'><strong>subandiendum</strong></span> <span class='ocrx_word' id='word_1_386' title='bbox 1200 4088 1261 4125; x_wconf 89' lang='lat' dir='ltr'><strong>esse</strong></span> <span class='ocrx_word' id='word_1_387' title='bbox 1283 4069 1327 4125; x_wconf 88' lang='lat' dir='ltr'><strong>in:</strong></span> 
     </span>
     <span class='ocr_line' id='line_1_39' title="bbox 282 4161 921 4244; baseline -0.005 -18"><span class='ocrx_word' id='word_1_388' title='bbox 282 4172 296 4226; x_wconf 80' lang='grc' dir='ltr'><strong><em>ὁ</em></strong></span> <span class='ocrx_word' id='word_1_389' title='bbox 315 4171 360 4233; x_wconf 74' lang='grc' dir='ltr'><strong>τοὶς</strong></span> <span class='ocrx_word' id='word_1_390' title='bbox 379 4170 442 4233; x_wconf 75' lang='grc' dir='ltr'><em>ὅλας</em></span> <span class='ocrx_word' id='word_1_391' title='bbox 460 4170 620 4244; x_wconf 73' lang='grc' dir='ltr'><em>ἑκατόμβας·</em></span> <span class='ocrx_word' id='word_1_392' title='bbox 642 4165 715 4222; x_wconf 77' lang='lat' dir='ltr'><strong>Tim.</strong></span> <span class='ocrx_word' id='word_1_393' title='bbox 738 4161 756 4222; x_wconf 81' lang='grc'>7</span> <span class='ocrx_word' id='word_1_394' title='bbox 778 4161 818 4238; x_wconf 91' lang='grc'>(1,</span> <span class='ocrx_word' id='word_1_395' title='bbox 843 4162 921 4241; x_wconf 85' lang='grc'>113).</span> 
     </span>
    </p>
   </div>
   <div class='ocr_carea' id='block_1_7' title="bbox 563 4302 1133 4386">
    <p class='ocr_par' dir='ltr' id='par_1_12' title="bbox 563 4302 1133 4386">
     <span class='ocr_line' id='line_1_40' title="bbox 563 4302 1133 4386; baseline -0.004 -17"><span class='ocrx_word' id='word_1_396' title='bbox 563 4302 723 4386; x_wconf 84' lang='lat' dir='ltr'><strong>Ellipaia</strong></span> <span class='ocrx_word' id='word_1_397' title='bbox 747 4302 858 4369; x_wconf 87' lang='lat' dir='ltr'><strong>verbi</strong></span> <span class='ocrx_word' id='word_1_398' title='bbox 882 4303 1133 4369; x_wconf 87' lang='lat' dir='ltr'><strong>substantivi.</strong></span> 
     </span>
    </p>
   </div>
   <div class='ocr_carea' id='block_1_8' title="bbox 246 4416 1452 4589">
    <p class='ocr_par' dir='ltr' id='par_1_13' title="bbox 246 4416 1452 4589">
     <span class='ocr_line' id='line_1_41' title="bbox 327 4416 1452 4493; baseline 0 -15"><span class='ocrx_word' id='word_1_399' title='bbox 327 4420 444 4493; x_wconf 80' lang='lat' dir='ltr'><strong>llllipsis</strong></span> <span class='ocrx_word' id='word_1_400' title='bbox 458 4420 537 4480; x_wconf 89' lang='lat' dir='ltr'><strong>verbi</strong></span> <span class='ocrx_word' id='word_1_401' title='bbox 559 4419 730 4478; x_wconf 88' lang='lat' dir='ltr'><strong>substantivi</strong></span> <span class='ocrx_word' id='word_1_402' title='bbox 751 4419 890 4490; x_wconf 86' lang='lat' dir='ltr'><strong>imprimis</strong></span> <span class='ocrx_word' id='word_1_403' title='bbox 911 4419 1027 4477; x_wconf 87' lang='lat' dir='ltr'><strong>voculae</strong></span> <span class='ocrx_word' id='word_1_404' title='bbox 1049 4424 1108 4476; x_wconf 71' lang='grc' dir='ltr'><em>ἐστι’</em></span> <span class='ocrx_word' id='word_1_405' title='bbox 1126 4418 1202 4488; x_wconf 89' lang='lat' dir='ltr'><strong>apud</strong></span> <span class='ocrx_word' id='word_1_406' title='bbox 1216 4416 1374 4475; x_wconf 89' lang='lat' dir='ltr'><strong>Lucianum</strong></span> <span class='ocrx_word' id='word_1_407' title='bbox 1393 4439 1452 4478; x_wconf 92' lang='lat' dir='ltr'><strong>non</strong></span> 
     </span>
     <span class='ocr_line' id='line_1_42' title="bbox 246 4515 1450 4589; baseline 0 -15"><span class='ocrx_word' id='word_1_408' title='bbox 246 4517 340 4575; x_wconf 90' lang='lat' dir='ltr'><strong>minus</strong></span> <span class='ocrx_word' id='word_1_409' title='bbox 362 4519 498 4589; x_wconf 84' lang='lat' dir='ltr'><strong>frequens</strong></span> <span class='ocrx_word' id='word_1_410' title='bbox 520 4525 573 4587; x_wconf 88' lang='lat' dir='ltr'><strong>est,</strong></span> <span class='ocrx_word' id='word_1_411' title='bbox 595 4537 680 4587; x_wconf 87' lang='lat' dir='ltr'><strong>quam</strong></span> <span class='ocrx_word' id='word_1_412' title='bbox 702 4515 778 4588; x_wconf 88' lang='lat' dir='ltr'><strong>apud</strong></span> <span class='ocrx_word' id='word_1_413' title='bbox 792 4523 903 4575; x_wconf 88' lang='lat' dir='ltr'><strong>veteres</strong></span> <span class='ocrx_word' id='word_1_414' title='bbox 925 4516 1086 4587; x_wconf 69' lang='lat' dir='ltr'><strong>scriptores</strong></span> <span class='ocrx_word' id='word_1_415' title='bbox 1109 4515 1176 4585; x_wconf 91' lang='lat' dir='ltr'><strong>quin</strong></span> <span class='ocrx_word' id='word_1_416' title='bbox 1199 4516 1284 4572; x_wconf 88' lang='lat' dir='ltr'><strong>etiam</strong></span> <span class='ocrx_word' id='word_1_417' title='bbox 1303 4515 1450 4585; x_wconf 85' lang='lat' dir='ltr'><strong>aliquanto</strong></span> 
     </span>
    </p>
   </div>
   <div class='ocr_carea' id='block_1_9' title="bbox 0 0 1612 5126">
    <p class='ocr_par' dir='ltr' id='par_1_14' title="bbox 0 0 1612 5126">
     <span class='ocr_line' id='line_1_43' title="bbox 0 0 1612 5126; baseline 0 0"><span class='ocrx_word' id='word_1_418' title='bbox 0 0 1612 5126; x_wconf 95' lang='lat' dir='ltr'><strong> </strong></span> 
     </span>
    </p>
   </div>
  </div>
 </body>
</html>
