3204 5126
765 347 924 408 -22-

401 541 471 614 (lop.
493 544 587 614 posita
607 552 664 602 est:
687 566 836 617 nusquam.

322 662 401 734 Quae
427 665 514 736 igitur
538 686 575 726 ex
599 667 653 725 hae
679 669 891 728 enuntiatorum
913 668 1132 739 perlustratione
1154 669 1277 726 maxime
1303 668 1339 726 ad
1360 688 1447 726 usum

241 761 374 832 ellipseos
395 761 569 820 Lucianeum
590 763 760 835 redundant,
782 765 837 822 tria
858 774 938 824 sunt:

282 859 442 929 primum:
464 859 540 930 quod
561 860 615 919 hoc
636 861 742 922 idioma
762 861 874 933 linguae
888 881 1004 934 graecae
1018 862 1095 933 apud
1115 862 1192 919 hunc
1205 861 1297 920 multo
1312 862 1448 932 frequen·

362 955 419 1012 tius
440 957 535 1014 estin
556 958 752 1016 enuntiatis
774 960 949 1030 primariis
971 978 1055 1030 quam
1077 960 1106 1016 in
1128 957 1310 1029 secundariis,

282 1050 422 1110 deinde:
452 1052 528 1124 quod
548 1055 578 1111 in
600 1054 900 1114 conditionalibus
922 1076 938 1112 a
959 1055 1098 1126 particula
1118 1064 1143 1114 εἰ
1160 1054 1371 1126 incipientibus,

281 1155 368 1206 tum:
398 1149 474 1219 quod
499 1151 528 1208 in
555 1153 802 1222 comparativis
828 1173 892 1210 cum
917 1152 1113 1223 particulata
1138 1152 1303 1223 compositis
1329 1153 1447 1210 omissio

362 1246 479 1318 copulae
501 1247 659 1306 Lucianeae
681 1248 894 1307 consuetudinis
916 1257 968 1307 est.

464 1427 622 1511 Ellipsis
647 1430 812 1513 copulae
836 1433 909 1500 ἐστί
932 1431 972 1495 in
996 1429 1230 1495 nominibus.

323 1567 467 1638 Sequitur,
489 1576 522 1624 ut
543 1578 704 1642 quaeratur,
726 1590 794 1628 num
816 1570 934 1630 Luciani
955 1571 1101 1641 proprium
1122 1571 1208 1628 sitin
1231 1570 1315 1628 certis
1341 1571 1448 1628 norni-

243 1665 345 1724 nibus
366 1664 411 1724 vel
433 1665 583 1737 generibus
605 1668 751 1725 nominum
778 1668 960 1726 omissionem
984 1667 1101 1726 voculae
1122 1673 1181 1726 ἐστί
1199 1666 1359 1725 admittere.
1402 1667 1448 1725 De

243 1782 300 1832 quo
321 1761 454 1833 ellipseos
475 1781 577 1833 genero
598 1765 628 1821 in
649 1765 813 1822 universum
828 1767 888 1834 jam
903 1783 919 1822 a
933 1765 1001 1824 viris
1016 1764 1116 1835 doctis,
1139 1765 1188 1834 qui
1202 1765 1316 1834 syntaxi
1329 1784 1448 1835 graecae

242 1878 357 1930 operam
378 1867 566 1918 navaverunt:
595 1859 782 1931 Buttmanno,
808 1859 974 1931 Kuehnero‚
1001 1859 1159 1932 Kruegero,
1185 1859 1285 1919 Curtio
1310 1860 1449 1920 nonnulla

243 1955 393 2014 observata
414 1964 489 2014 sunt.
532 1956 718 2028 Amplissime
740 1957 774 2016 de
795 1957 849 2015 hac
870 1977 900 2016 re
925 1958 983 2028 egit
1003 1955 1185 2016 Kuehnerus.
1228 1957 1268 2015 Hi
1288 1957 1450 2016 docuerunt

242 2053 407 2124 saepissime
429 2053 541 2124 ellipsin
561 2054 679 2125 copulae
700 2061 759 2114 ἐστι
776 2055 806 2112 in
820 2054 964 2125 adjectivo
978 2053 1085 2113 verbali
1104 2073 1259 2124 occurrero,
1281 2074 1337 2112 non
1352 2056 1449 2112 minus

242 2158 338 2215 autem
359 2151 388 2207 in
410 2150 581 2222 nominibus,
603 2152 698 2222 qualia
712 2153 782 2209 sint:
805 2154 903 2231 χρεών,
923 2162 1012 2227 θέμις,
1031 2154 1145 2225 ἀνάγκη,
1172 2155 1237 2231 ὥρα,
1256 2159 1319 2216 ἔθος
1337 2150 1392 2221 vel,
1414 2161 1449 2208 ut

242 2247 312 2304 haec
327 2246 492 2318 complexus
505 2247 574 2305 dicit
585 2246 767 2319 Kuehnerus,
782 2249 812 2305 in
826 2247 988 2307 nominibus
1003 2267 1075 2320 quae
1091 2247 1221 2318 officium,
1237 2249 1448 2318 necessitatem,

180 2393 183 2398 .
242 2363 360 2414 morem,
383 2343 627 2414 consuetudinem,
650 2353 764 2416 tempus
785 2345 954 2416 significent.
1378 2410 1383 2419 Ι

323 2439 402 2510 Quae
423 2441 520 2513 regula
541 2440 683 2500 Lucianeo
704 2463 759 2500 usu
780 2441 963 2518 confirmatur
984 2449 1069 2512 atque
1090 2443 1131 2498 ita
1145 2441 1277 2513 ¹quidem,
1299 2449 1332 2499 ut
1353 2440 1449 2513 adjec-

242 2539 334 2596 tivum
354 2537 468 2596 verbale
490 2559 579 2610 paene
601 2539 661 2596 sino
683 2539 851 2610 exceptione
873 2539 974 2610 copula
994 2545 1053 2598 ἔστι
1072 2547 1174 2596 careat.

322 2634 358 2692 In
385 2635 435 2705 eis,
464 2655 536 2705 quae
565 2636 700 2707 elegimus
723 2637 845 2706 scriptis
874 2635 1050 2706 adjectivum
1077 2635 1191 2694 verbale
1212 2636 1241 2692 in
1270 2647 1340 2709 -τίος,
1365 2663 1391 2708 (ι,
1416 2663 1449 2696 ον

242 2732 398 2789 terminans
428 2728 486 2790 27.
516 2733 577 2791 sine
605 2739 664 2792 ἐστι’
694 2733 828 2803 cernitur,
859 2731 892 2789 1.
922 2732 1068 2803 adjectum
1097 2740 1149 2790 cst.
1197 2730 1285 2790 (luins
1314 2732 1447 2804 cllipseos

242 2829 333 2887 multo
354 2828 444 2887 maior
464 2849 530 2900 pars
551 2831 580 2886 in
601 2829 697 2888 libello
711 2827 755 2888 De
776 2829 844 2888 hist.
861 2822 887 2887 cJ
906 2829 1047 2900 reperitur
1068 2849 1106 2888 sc.
1130 2825 1188 2886 22.
1212 2849 1304 2900 nequo
1325 2849 1447 2900 usquam

241 2927 271 2983 in
299 2925 354 3010 hoc
379 2926 481 2997 copula
508 2927 602 2998 posita
630 2936 682 2984 est.
725 2924 818 2985 (lausa
842 2927 928 2984 huius
954 2925 1147 2984 multitudinis
1172 2927 1202 2983 in
1228 2925 1333 2997 libello,
1361 2946 1447 2997 quom

242 3022 376 3094 diximus,
402 3031 456 3095 est,
484 3023 563 3094 quod¹
581 3025 610 3081 in
632 3043 665 3081 eo
687 3032 838 3094 praecepta
860 3024 1082 3094 constituuntrn,
1110 3023 1178 3094 quid
1199 3043 1293 3081 rerum
1315 3023 1447 3093 scriptori

242 3119 383 3191 agendum
405 3121 451 3192 sit,
474 3119 542 3191 quid
563 3141 629 3178 non.
663 3119 742 3190 Quae
764 3128 915 3191 praecepta
936 3120 1104 3190 plerumque
1119 3120 1270 3190 adjectivis
1284 3118 1446 3178 verbalibus

242 3217 449 3288 exprimuntur.
491 3217 643 3275 Praeterea
668 3216 851 3275 memorabile
877 3224 931 3287 est,
957 3216 1087 3287 plurimis
1108 3217 1187 3288 locis,
1215 3216 1318 3286 quibus
1345 3216 1447 3286 copula

242 3314 325 3386 desit,
352 3315 518 3385 scriptorem
545 3320 646 3372 neutro
672 3334 774 3385 genere
797 3314 848 3384 uti,
874 3313 933 3384 illo,
960 3334 1016 3384 quo
1042 3334 1099 3374 nno
1125 3314 1186 3373 loco
1208 3309 1259 3388 (sc.
1281 3313 1446 3383 inscriptis

242 3410 367 3487 selectis)
388 3419 447 3471 ἐστι’
465 3411 611 3482 adjectum
633 3412 679 3482 sit,
713 3410 888 3482 adjectivum
909 3410 1022 3470 verbale
1044 3410 1176 3470 fentinini
1197 3411 1308 3481 generis
1329 3409 1384 3480 legi
1406 3429 1445 3467 sc.

241 3507 316 3567 Dial.
338 3529 407 3576 mar.
430 3506 492 3580 6,3
514 3506 610 3584 (304)
632 3514 776 3578 συλληπτέα
795 3514 858 3566 ἐστί.

669 3655 728 3708 ἐστί
746 3649 884 3706 omissum
905 3657 949 3706 est
973 3648 1018 3705 in:

241 3763 316 3823 Dial.
333 3764 409 3822 deor.
431 3760 493 3834 4,5
515 3760 556 3837 (1,
571 3761 655 3838 212):
679 3773 752 3837 -τέον,
774 3759 836 3832 5,4
858 3759 954 3836 (215)
977 3772 1046 3826 ctos.
1082 3760 1157 3818 Dial.
1173 3781 1242 3819 mar.
1265 3758 1327 3832 7,2
1348 3758 1446 3836 (306)

242 3872 302 3920 cic.
338 3860 511 3919 Dialmort.
535 3857 708 3934 3,1(339);
731 3867 804 3918 -uda
840 3855 1155 3933 Idem:19,1(410).
1191 3857 1235 3916 Dc
1253 3857 1321 3915 hist.
1338 3877 1446 3915 consor.

243 3957 261 4016 6
283 3957 323 4033 (2,
338 3957 383 4034 8);
406 3957 566 4029 quinquies,
588 3953 606 4014 9
628 3952 706 4031 (11);
729 3963 830 4026 quater
851 3952 887 4011 21
911 3952 984 4030 (29),
1007 3951 1045 4012 39
1065 3951 1141 4030 (53):
1164 3953 1217 4027 bis,
1240 3951 1278 4013 45
1294 3950 1369 4030 (58);
1392 3953 1447 4025 bis,

243 4051 282 4112 46
301 4053 374 4132 (58),
396 4052 434 4115 47
454 4052 527 4130 (59),
549 4050 587 4112 51
608 4049 685 4128 (62)
707 4051 761 4123 bis,
783 4048 821 4111 57
841 4049 915 4127 (65),
937 4048 977 4110 60
996 4047 1072 4126 (67)
1095 4058 1148 4109 ter.

548 4210 634 4268 Adde
655 4230 691 4268 ex
712 4209 814 4268 actoris
835 4209 949 4279 scriptis
970 4207 1132 4268 Lucianeis:

243 4323 339 4382 Prom.
365 4325 383 4380 i.
406 4345 432 4382 v.
460 4323 477 4383 7
504 4322 544 4399 (1,
567 4322 634 4400 37);
661 4334 733 4384 otor.
777 4321 858 4381 Idem
880 4321 952 4379 Tim.
975 4320 994 4379 9
1016 4319 1056 4396 (1,
1080 4318 1165 4397 115):
1188 4321 1232 4382 bis
1254 4321 1384 4379 Hermot.
1409 4319 1448 4380 15

244 4417 337 4495 (754).
372 4419 479 4478 Herod.
502 4418 628 4496 7(837).
661 4420 763 4479 Abdic.
787 4417 826 4477 10
847 4416 887 4494 (2,
904 4417 983 4495 168).
1015 4418 1106 4490 Imag.
1130 4417 1164 4477 17
1183 4416 1280 4494 (476)
1303 4429 1355 4476 -τία
1376 4417 1447 4476 fem.

244 4516 314 4588 Jup.
336 4524 407 4588 trag.
430 4513 446 4574 7
470 4513 562 4593 (651)
585 4528 656 4583 -τέος.
