3204 5126
679 359 819 422 ..7-

141 563 221 636 πιύτῃ
244 556 326 634 (quas
355 559 538 620 Thierschius
570 560 606 619 ad
637 561 750 632 ellipsin
781 561 924 643 pertinere
956 560 1043 618 etiam
1074 556 1201 634 negarit)
1233 557 1351 617 oonsilio

141 657 286 716 rhetorico
311 656 438 732 elliptice
464 657 554 715 dietas
580 659 735 716 existimet,
785 657 878 716 Immo
907 677 973 716 vcro
999 676 1054 715 usu
1080 657 1165 714 tritae
1192 665 1288 726 atque,
1318 663 1352 712 ut

142 753 277 824 diximus
300 753 498 813 adverbiorum
519 755 580 812 loco
602 763 678 812 sunt.
711 755 852 813 Videmus
873 755 960 826 igitur
972 754 1054 838 ,hano
1076 762 1186 825 partem
1208 753 1350 836 ellipsium

142 851 168 907 si
193 857 271 908 caute
293 851 412 923 agimuS,
439 851 580 909 rhetorice
601 871 658 909 non
679 853 848 910 usitatam
877 852 978 909 saltem
1000 871 1071 909 esse.
1114 850 1157 907 At
1177 849 1253 908 dicat
1278 850 1351 919 quis,

142 947 256 1004 etiamsi
277 967 337 1017 eae,
364 967 437 1017 quae
458 969 512 1006 usu
533 955 664 1018 receptae
686 958 792 1018 essent,
821 949 962 1007 rhetorice
984 968 1040 1005 non
1062 948 1172 1018 positae
1194 966 1255 1006 esse
1277 945 1352 1004 sole-

142 1051 218 1113 rent,
240 1049 336 1101 tamen
357 1045 439 1102 initio
462 1045 585 1116 quidem,
612 1065 677 1102 cunr
699 1045 824 1115 primum
845 1045 1016 1115 dicerentur,
1045 1046 1085 1102 sic
1106 1051 1257 1114 usurpatas
1279 1063 1350 1100 esse.

142 1139 219 1197 Nam
240 1149 273 1198 ut
288 1141 426 1211 paulatim
441 1161 497 1198 uon
513 1143 669 1200 sentiretur
683 1161 730 1199 eas
745 1141 861 1200 voculas
877 1142 1016 1225 elliptioas
1031 1161 1103 1212 esse,
1125 1141 1165 1199 sic
1179 1141 1352 1198 rhetoricam

143 1257 258 1308 quoque
280 1258 377 1295 earum
399 1239 457 1295 vim
479 1240 636 1309 evanuisse,
659 1258 831 1308 quamquam
853 1239 935 1296 initio
955 1240 1123 1297 exstitisset.
1159 1237 1258 1296 Talem
1279 1238 1350 1306 iere,

143 1335 318 1392 seutentiam
333 1335 362 1392 in
378 1335 428 1406 eis,
451 1355 523 1405 quae
538 1347 705 1406 sequuntur,
721 1331 925 1411 Mehlhornii1)
947 1336 1040 1394 verbis
1061 1337 1154 1394 inesse
1176 1335 1257 1393 nobis
1278 1332 1352 1392 obici

143 1432 248 1502 possit:
284 1431 381 1489 «Nam
403 1432 544 1490 rhetorica
565 1452 750 1502 quaecunque
772 1442 840 1503 apta
861 1433 969 1503 ellipsis
984 1441 1037 1502 est,
1060 1433 1108 1491 ubi
1126 1433 1250 1502 primum
1265 1439 1351 1500 atque

143 1529 275 1586 consulto
297 1528 471 1600 admittitur,
500 1529 662 1600 nequedum
692 1529 727 1587 ad
756 1548 936 1587 communem
961 1527 1250 1587 usum·dosccndit.»
1294 1526 1351 1584 Sed

142 1626 204 1684 sive
230 1625 428 1693 Mehlhornius
455 1627 525 1684 haec
551 1627 600 1697 sic,
628 1638 660 1683 ut
686 1646 772 1696 supra
797 1626 994 1696 indicavimus,
1020 1625 1149 1696 intellegi
1174 1624 1266 1682 voluit
1291 1625 1350 1682 sire

143 1742 211 1793 non,
232 1722 261 1779 id
282 1722 470 1793 premendum
492 1742 553 1780 esse
573 1741 730 1794 censemus
752 1723 923 1780 rhetoricam
945 1743 1007 1780 eam
1022 1730 1134 1779 tantum
1150 1721 1262 1792 ellipsin
1278 1740 1349 1790 esse,

143 1838 218 1888 quae
232 1819 393 1878 consulto
408 1828 531 1890 ponatur
545 1839 637 1890 neque
652 1819 807 1890 quidquam
818 1820 935 1890 referre,
951 1828 1048 1876 utrum
1060 1819 1184 1889 primum
1195 1825 1351 1888 usurpetur

143 1934 241 1973 necne.
284 1915 359 1973 Nam
380 1907 477 1988 potest
498 1916 605 1988 ellipsis
627 1915 766 1987 quaedam
787 1917 911 1987 primum
926 1916 1050 1986 quidem,
1073 1915 1122 1973 sed
1138 1935 1194 1972 uon
1208 1915 1350 1972 rhetorice

143 2013 283 2082 usurpari.
326 2011 381 2070 Est
407 2012 609 2070 nihilosecius
631 2013 739 2084 ellipsis
761 2021 847 2083 atque
873 2033 906 2070 ea
927 2013 964 2092 de
983 2032 1076 2082 causa,
1104 2009 1179 2081 quod
1200 2012 1350 2082 integritas

143 2110 329 2179 grammatica
349 2108 486 2168 vocabulo
509 2110 613 2167 omisso
634 2109 711 2167 laesa
731 2118 784 2168 est.
819 2110 963 2168 Accuratc
982 2110 1058 2168 enim
1073 2107 1291 2168 discernendum
1306 2121 1351 2166 est

143 2207 219 2263 inter
240 2225 364 2276 causam,
387 2206 421 2264 de
443 2226 500 2275 qua
520 2206 646 2264 formula
667 2206 804 2276 quaedam
828 2206 935 2277 ellipsis
957 2205 1129 2265 nominanda
1151 2206 1197 2276 sit,
1224 2213 1255 2262 et
1274 2205 1351 2262 inter

144 2322 258 2360 causam
279 2303 325 2361 vel
347 2303 443 2373 potius
466 2303 702 2374 consilium,.quo
724 2303 794 2362 hace
815 2303 940 2360 formula
961 2311 1084 2374 ponatur
1098 2302 1152 2374 vel,
1174 2310 1208 2359 ut
1227 2301 1349 2372 amplius

143 2399 281 2469 dicamus,
302 2400 379 2456 inter
393 2399 541 2457 consilium
556 2400 739 2470 rhetoricum,
760 2400 835 2470 quod
855 2401 919 2470 quis
934 2400 1092 2458 omittendo
1107 2399 1220 2469 assequi
1235 2398 1350 2457 studeat

142 2495 209 2553 Hoc
233 2505 331 2554 autem
358 2496 506 2554 consilium
532 2496 671 2554 accedere
690 2505 788 2566 potest
812 2496 847 2554 ad
875 2497 1018 2567 propriam
1047 2495 1179 2567 ellipseos
1207 2503 1348 2566 naturam,

142 2594 259 2651 minime
281 2613 349 2651 vero
375 2593 508 2663 primaria
536 2611 621 2651 causa
642 2593 733 2650 omnis
756 2593 896 2664 elliptioae
918 2593 1078 2651 omissionis
1099 2601 1152 2650 cst.
1188 2592 1245 2650 Sed
1265 2593 1349 2663 longe

143 2689 265 2760 plurima
287 2689 430 2759 ellipsium
451 2710 516 2760 pars
537 2691 566 2747 in
582 2689 767 2760 'neglegentia
781 2690 903 2760 quadam
922 2691 1060 2748 sermonis
1079 2691 1151 2748 etin
1167 2690 1347 2759 conscientia,

143 2807 200 2857 qua
224 2787 289 2857 quis
315 2793 399 2856 putet
424 2788 493 2844 satis
521 2787 557 2844 ad
585 2786 808 2856 intellegendum
830 2808 860 2844 se
883 2787 997 2857 dixisse,
1023 2788 1117 2857 posita
1142 2786 1255 2845 videtur
1276 2805 1346 2844 esse.

143 2885 241 2953 Atque
270 2902 336 2940 eum
356 2882 531 2942 Boettchero
557 2883 710 2941 verisimile
732 2903 794 2942 esse
820 2885 953 2942 existimo
974 2884 1047 2942 hano
1069 2883 1184 2953 quidem
1205 2883 1347 2954 ellipsium

142 2987 252 3050 partem
274 3000 311 3036 cx
325 2999 455 3038 sermone
470 2980 612 3038 cotidiano
628 2988 719 3038 ortam
740 3001 810 3039 esse.
844 2979 923 3050 Quae
938 3001 1002 3039 cum
1016 2981 1057 3038 ita
1071 2981 1138 3051 siut,
1159 2979 1230 3037 illud
1245 2978 1348 3038 Gcistii

146 3075 311 3146 «hequem»
341 3077 418 3146 quod
443 3077 473 3133 in
498 3076 663 3134 defiuitione
690 3097 741 3134 sua
766 3078 885 3149 posuit„
902 3098 959 3136 non
984 3079 1081 3148 inepte
1109 3077 1190 3136 nobis
1217 3076 1349 3135 videatur

143 3172 289 3243 adjectum
311 3193 383 3243 esse,
410 3173 551 3243 siquidem
572 3171 646 3236 hanc
666 3193 766 3232 vocem
788 3195 820 3232 ea
841 3184 937 3233 mente
959 3174 1129 3244 adhibuerit,
1157 3181 1189 3231 ut
1210 3174 1347 3244 originem

143 3270 322 3340 significaret,
345 3290 380 3327 ex
402 3289 458 3340 qua
478 3272 569 3328 maior
590 3290 654 3341 pars
682 3271 825 3342 ellipsium
846 3273 990 3331 crevisset.
1033 3271 1089 3329 Sed
1110 3272 1134 3328 si
1155 3271 1195 3327 ita
1217 3270 1347 3342 senserit,
1396 3287 1398 3294 ·

142 3366 211 3424 haec
232 3368 376 3426 sententia
397 3369 538 3424 contraria
559 3366 597 3423 sit
619 3368 654 3438 ei,
676 3387 762 3436 quam
783 3368 832 3428 illo
854 3369 943 3426 altero
964 3369 1026 3427 loco
1047 3368 1082 3426 de
1098 3368 1240 3426 rhetorica
1254 3368 1345 3425 omnis

143 3462 273 3533 ellipseos
296 3471 397 3520 natura
418 3465 560 3534 exposuit.

222 3576 306 3646 Quod
328 3577 352 3633 si
373 3577 534 3647 negandum
556 3585 610 3647 cst,
633 3597 746 3635 omnem
765 3578 877 3650 ellipsin
898 3580 1068 3637 rhetoricam
1090 3598 1161 3650 esse,
1184 3578 1355 3640 conceditur.

144 3681 236 3730 autem
258 3693 343 3744 posse
365 3673 488 3743 aliquem
510 3672 603 3742 ellipsi
630 3673 772 3733 rhetorico
795 3677 911 3734 consilio
932 3677 984 3747 uti,
1011 3677 1164 3746 quaeritur,
1187 3696 1255 3733 num
1276 3674 1348 3732 illud

143 3789 229 3839 genus
251 3770 418 3840 ellipticum,
448 3770 523 3840 quod
545 3771 658 3841 proprie
679 3771 850 3846 rhetoricam
876 3773 988 3844 ellipsin
1010 3772 1211 3842 Bernhardyus
1232 3780 1262 3830 ct
1283 3771 1348 3832 Gei-

144 3867 213 3924 stius
235 3868 463 3938 nominaverunt,
490 3887 526 3925 cx
548 3885 615 3924 suae
637 3875 755 3926 naturae
781 3869 842 3945 lege
867 3870 1042 3927 rhetoricum
1063 3868 1227 3928 habendum
1248 3870 1286 3927 sit
1307 3890 1345 3927 sc.

143 3961 220 4034 illud,
242 3965 271 4021 iu
287 3983 343 4033 quo
359 3964 580 4034 substantivum,
603 3963 680 4034 quod
702 3985 738 4023 ex
753 3983 805 4024 suo
820 3965 973 4038 adiectivo,
995 3968 1084 4038 magis
1099 3974 1195 4024 autom
1210 3986 1246 4024 ex
1260 3966 1347 4025 verbo

144 4059 267 4118 eiusdem
290 4062 525 4120 conformationis
548 4069 577 4117 et
598 4061 722 4120 notionis
742 4062 934 4133 supplendum
956 4072 1000 4122 cst
1013 4064 1093 4122 volut
1113 4067 1206 4140 ὀλίγας
1224 4065 1347 4138 (πληγάς)

143 4170 235 4215 παίειν.
269 4156 360 4227 Quale
381 4178 470 4228 genus
492 4157 653 4217 omissionis
669 4157 852 4216 Hermannus
873 4180 890 4216 a
911 4181 977 4220 vora
993 4160 1085 4232 ellipsi
1107 4160 1258 4231 separavit,
1281 4160 1348 4229 quia

144 4254 300 4314 membrum
322 4255 548 4314 subaudiendum
570 4262 655 4326 esset,
678 4255 754 4325 quod
775 4259 835 4327 jam
857 4277 909 4315 suo
928 4257 1015 4317 verbo
1037 4258 1230 4316 contineretur·
1250 4257 1347 4325 itaque

144 4424 340 4433 ψ

195 4547 361 4600 ¹)ll1ehlh0rn,
377 4561 400 4600 p.
416 4552 437 4590 3.
