3204 5126
640 349 800 409 -ae-
904 439 906 442 ι

202 545 284 604 Infra
304 548 434 618 sequitur
454 551 558 624 ὁμιλεῖν
575 551 611 607 ἄν
629 553 698 620 ἐξῆν.
729 545 776 604 le
797 547 900 618 quibus
921 547 1015 608 verbis
1036 555 1066 606 et
1084 531 1120 606 ex
1134 548 1324 606 antecedenti·

106 641 190 700 bus:
217 647 304 718 ἔγνων
323 647 358 737 ιλιι
383 650 436 702 ete.
464 643 644 715 cognoscitur
669 643 815 715 ἢνείξῆν
832 648 868 702 ἄν
885 644 1084 724 supplendum
1112 665 1182 704 esse.
1235 644 1323 704 Cuius

106 737 233 810 generis
253 740 417 812 exemplum
440 741 516 814 apud
536 741 606 800 alios
628 741 781 812 scriptores
802 761 941 811 nusquam
964 741 1212 814 deprehendimus.

520 869 680 953 Ellipsis
703 869 924 936 verborum.

203 982 265 1054 Quo
293 985 358 1056 plus
386 992 504 1044 naturae
525 984 680 1056 praedicati
707 986 737 1043 in
764 985 851 1045 verbo
880 993 932 1058 est,
962 1005 996 1044 eo
1016 987 1111 1054 minus
1132 1006 1184 1058 per
1210 987 1323 1059 ellipsin

108 1082 217 1140 omitti
241 1087 346 1153 potest.
389 1081 419 1140 Si
444 1089 539 1140 tetum
565 1082 759 1153 praedicatum
780 1082 867 1142 verbo
888 1083 1060 1154 continetur,
1089 1083 1183 1141 omitti
1208 1085 1323 1142 omnine

108 1198 179 1236 non
200 1185 304 1249 potest.
347 1177 421 1236 Nam
447 1179 589 1250 quomodo
611 1180 761 1238 sententia
775 1187 948 1251 nasceretur,
975 1181 998 1238 si
1024 1179 1053 1237 id
1075 1180 1151 1251 quod
1172 1180 1323 1239 dicendum

110 1283 179 1346 est,
215 1275 297 1348 plane
332 1277 444 1335 silentio
476 1274 779 1348 praetermitteretur?
840 1275 970 1346 Quonam
1001 1277 1107 1348 ingenii
1138 1279 1267 1335 acumine
1294 1277 1324 1335 id

110 1370 336 1432 divinaremus‘?
366 1373 412 1430 Ex
430 1393 487 1444 qua
507 1393 538 1431 re
552 1373 637 1431 facile
651 1373 829 1445 intelligitur,
852 1393 902 1432 cur
918 1374 946 1431 in
962 1373 1196 1436 antecedentibus
1211 1375 1323 1446 ellipsin

111 1471 239 1542 copulae
259 1471 531 1542 frequentissimam,
563 1470 655 1528 multo
676 1471 884 1533 autema-arius
905 1470 1046 1530 verbum
1067 1476 1145 1544 εῖναι,
1171 1473 1195 1529 si
1217 1471 1344 1543 praedi-⁸

112 1569 177 1626 cati
201 1587 317 1626 munere
337 1567 515 1639 fungeretur,
538 1566 636 1626 deesse
658 1567 836 1626 viderimus„
856 1565 965 1625 Eadem
987 1567 1022 1626 de
1040 1587 1125 1625 causa
1145 1567 1231 1627 verba
1252 1587 1324 1639 quae

113 1665 181 1724 sive
207 1665 346 1722 actionem
373 1665 431 1723 sive
454 1671 560 1722 statum
590 1663 763 1736 significant,
791 1665 877 1722 etiam
902 1664 993 1722 rarius
1014 1664 1120 1723 absunt
1141 1685 1225 1736 quarn
1247 1684 1325 1736 prae·

113 1761 248 1820 dicatum
268 1769 348 1822 εῖναι.
580 1762 581 1765 ’

201 1857 244 1916 llo
262 1857 375 1916 facilius
397 1857 510 1930 desunt,
533 1878 588 1928 quo
610 1859 704 1918 minus
725 1858 884 1918 necessaria
904 1865 972 1918 sunt
992 1858 1028 1916 ad
1045 1858 1240 1929 praedicatum
1262 1877 1325 1916 con-

115 1955 299 2016 stituendum
325 1963 432 2025 etque
454 1954 567 2013 facilius
593 1975 629 2013 ex
650 1975 683 2014 ea
704 1963 794 2026 parte,
816 1959 845 2013 in
867 1975 923 2026 qua
943 1956 1055 2027 gravier
1074 1956 1117 2014 vis
1138 1955 1223 2026 inest,
1245 1954 1326 2014 velut

116 2073 157 2110 ex
179 2051 311 2111 adverbio
333 2047 457 2122 quodam
477 2051 522 2110 vel
544 2051 660 2123 objecto
681 2051 807 2123 suppleri
828 2060 957 2124 possunt.

201 2149 280 2207 Talia
308 2155 375 2206 sunt
402 2145 489 2206 verbu
516 2147 637 2220 dicendi,
665 2149 798 2208 movendi
819 2149 939 2220 aliaque,
967 2169 1088 2220 quorum
1110 2149 1223 2220 ellipsin
1244 2147 1326 2206 Will-

116 2242 287 2331 mannus1),
314 2246 420 2317 quippe
442 2264 527 2315 quam
553 2265 692 2316 pruvera
712 2265 769 2303 non
790 2245 904 2317 habeat,
930 2247 1112 2305 omissionem
1133 2254 1226 2305 vocat.
1269 2243 1325 2302 Sed

117 2345 227 2414 injuria
246 2343 321 2400 hunc
341 2342 377 2401 ab
397 2342 447 2399 illa
467 2359 597 2413 separare
618 2341 700 2401 nobis
721 2342 843 2401 videtur.
875 2339 950 2400 Nam
971 2343 1120 2413 integritas
1141 2345 1327 2413 grammatica

118 2460 206 2508 eausa
233 2448 286 2511 est,
315 2459 371 2509 qua
399 2439 455 2496 ista
481 2437 568 2501 verba
596 2439 722 2511 suppleri
751 2459 892 2510 cogamur.
938 2438 1067 2498 Verbum
1096 2440 1233 2498 omissum
1263 2439 1327 2498 sub-

117 2537 236 2595 auditur
254 2557 289 2594 ex
314 2555 366 2594 suo
391 2529 523 2594 adverbio
548 2535 593 2595 vel
618 2535 741 2606 objecto.
781 2533 865 2605 Quod
888 2535 959 2594 haec
980 2535 1066 2595 verba
1089 2535 1204 2594 facilius
1229 2545 1327 2597 mente

117 2634 291 2704 adiciuntur,
307 2653 392 2704 quam
408 2652 479 2702 quae
493 2633 524 2692 in
538 2632 694 2704 proverbiis
709 2652 733 2690 e.
748 2652 789 2704 gr.
805 2628 835 2697 ὗς
853 2635 900 2704 τήν
917 2636 1035 2704 Ἀθηνᾶν
1050 2633 1163 2704 desunt,
1186 2653 1237 2692 nos
1253 2653 1327 2692 eom-

116 2750 234 2789 movere
256 2750 313 2788 non
334 2736 439 2801 potest,
462 2729 544 2787 utin
565 2728 621 2787 illis
643 2730 755 2801 ellipsin
777 2737 890 2788 exstare
912 2749 1056 2802 negemus

458 2858 571 2924 Verba
594 2859 726 2956 dicendi
749 2859 872 2923 omissa
896 2861 983 2924 sunt.

201 2973 298 3032 Verba
324 2973 444 3044 dicendi,
471 2974 512 3031 ita
535 2981 570 3031 ut
590 2981 674 3032 antea
695 2993 752 3031 nen
778 2959 917 3046 legantur,
944 2994 961 3032 a
986 2975 1128 3033 sententia
1153 2976 1258 3036 absunt
1278 2981 1322 3041 in:

115 3072 190 3142 Jup.
211 3078 282 3142 trag.
302 3067 341 3128 46
359 3067 483 3145 (2,694);
510 3071 540 3130 εὖ
558 3093 598 3147 γε,
619 3075 761 3148 Τιμόκλεις
778 3082 857 3130 ταῦτα
877 3081 921 3130 καλ
942 3079 1056 3151 ἰσχυρῶς
1073 3083 1108 3152 τῷ
1126 3082 1324 3154 παραδείγματι

115 3189 158 3228 sc.
180 3175 276 3235 ἔλεξας.

201 3264 290 3336 Imag.
320 3260 485 3340 4(2,462):
517 3273 587 3325 Πολ.
606 3273 698 3326 Εἶδον
717 3269 852 3337 κιῖκιίνην
871 3268 1016 3334 πολλάκις.
1051 3281 1121 3328 Λακ.
1157 3282 1321 3345 ταῦταμὲν

113 3365 226 3422 ἱκαναῖς
244 3360 376 3426 (ἔλεξας),
395 3367 453 3416 τῶν
473 3362 502 3414 dl
524 3363 648 3416 Φειδίαν
668 3365 762 3432 ἔργων
781 3370 810 3414 τί
825 3356 951 3426 μάλιστα
970 3358 1123 3433 injussum
1192 3409 1193 3412 ,

200 3457 278 3524 Λέγω
304 3454 370 3504 ante
396 3447 578 3506 enuntiatum
604 3447 688 3506 finale
709 3446 744 3505 ab
765 3451 835 3512 ὅπως
860 3446 998 3517 incipiens
1026 3449 1250 3522 intellegendum
1276 3464 1322 3512 est

113 3545 146 3602 in
170 3539 250 3620 [Tox.
272 3540 429 3618 7(2,514):
452 3550 496 3601 καὶ
509 3547 566 3621 γὰρ
578 3545 627 3604 οὖν
643 3551 687 3602 καλ
700 3547 758 3603 uide
779 3563 817 3602 sc.
839 3550 917 3618 λέγω,
936 3547 1006 3610 ὅπως
1024 3553 1102 3623 oldaia,
1122 3552 1201 3608 οὐδέν
1212 3556 1320 3610 Σκύθαι

115 3639 212 3708 φιλίας
228 3641 320 3709 μεῖζον
338 3641 438 3691 οἴονται
456 3637 546 3704 εἶναι]

469 3761 524 3824 De
547 3761 659 3844 ellipsi
683 3761 873 3844 imperativi
896 3760 969 3850 λέγε

302 3867 366 3926 vide
388 3887 429 3940 ea,
452 3886 524 3937 quae
545 3867 622 3951 infra
643 3863 677 3924 de
699 3867 791 3939 ellipsi
811 3869 972 3939 imperativi
993 3869 1134 3941 leguntur.

459 3996 625 4080 Sequitur*
634 3995 761 4079 ellipsis
777 3997 869 4062 verbi
885 3997 980 4088 λέγω,

440 4123 512 4174 quae
543 4103 693 4174 perspicua
723 4111 768 4161 est
798 4104 827 4161 in
859 4104 998 4164 formula:

626 4210 691 4302 οὐχ
713 4207 819 4298 ὅπως.

185 4321 249 4394 Qua
270 4324 397 4383 formula
417 4323 560 4381 Lucienus
581 4323 665 4382 variis
687 4323 779 4382 modis
800 4325 899 4383 utitur.
942 4326 1165 4388 Observavimus
1184 4330 1252 4388 lios:

167 4543 183 4592 ¹)
199 4543 345 4594 Wlllmanu.,
362 4543 417 4585 dlss.
433 4555 457 4595 p.
472 4545 506 4592 42,
521 4539 551 4584 cs.
565 4542 681 4594 praefatlo
696 4553 719 4594 p.
734 4545 754 4594 a,
770 4546 782 4584 6
797 4553 861 4596 supr.
